1828 3229
163 57 202 109 1
221 57 261 134 5
279 31 323 105 8
591 28 926 108 Dearum
977 28 1376 139 Juch'cium.

147 183 249 240 ras,
295 160 496 239 justum
529 164 784 220 videlicet
813 162 918 221 effe
940 166 1386 246 nobisjudicem.
1450 168 1664 235 Utrum
1691 181 1791 238 au?-

148 261 263 303 tem
286 237 342 304 ’ἃ
365 265 538 302 uxore
566 243 747 301 adhuc
776 262 923 303 caret
952 245 1064 322 ille,
1106 269 1171 306 an
1203 250 1262 308 ὃς
1283 250 1478 309 mulier
1501 261 1784 335 quaepiam

144 325 248 403 ipsi
277 325 560 384 cohabitat
590 323 612 380 ?
657 327 801 384 Aser.
834 326 980 385 Non
1006 327 1240 387 omnino
1267 330 1463 408 absque
1485 355 1660 396 uxore
1681 341 1782 414 est,

145 404 359 471 Venus,
446 407 518 465 V.
567 404 879 482 Qlomodo
920 409 1030 466 hoc
1081 410 1269 469 dicis?
1335 412 1484 471 Mer„
1536 416 1781 482 Videtur

144 490 397 566 quasdam
450 507 579 544 cum
623 508 691 545 eo
734 488 979 547 habitare
1013 493 1211 550 mulier
1252 493 1422 564 Idaea,
1472 500 1518 526 ¹¹
1555 496 1631 557 fic
1658 500 1780 562 satis

140 569 395 640 formosa,
421 585 689 626 caeterum
714 569 932 645 rustica,
969 575 1203 652 1²atque
1233 576 1376 633 inter
1395 594 1611 638 montes
1635 584 1779 643 male

137 651 431 710 consueta:
457 648 541 706 sed
573 670 684 707 non
708 652 1007 710 admodum
1026 652 1282 714 adhibere
1307 659 1553 717 animum
1577 663 1676 741 ipfi
1694 667 1777 722 vi-

135 729 315 787 detur.
376 733 553 810 Cujus
582 733 755 810 igitur
778 735 952 811 gratia
981 737 1105 792 haec
1129 739 1474 818 interrogas?
1519 743 1592 799 V.
1611 746 1769 803 Nul-

134 809 239 868 lius
254 812 369 870 sane
386 817 454 870 rei
464 810 588 887 ‚ised
612 831 682 869 ita
704 831 907 871 temere
922 817 975 873 in
993 833 1236 876 mentem
1256 823 1375 878 veni
1384 836 1421 881 t.
1467 824 1616 883 Mn.
1637 827 1767 886 Ma-

133 888 188 949 le
225 894 556 972 legationem
598 894 737 965 obis,
782 896 912 953 heus
957 915 1019 955 tu
1053 899 1148 977 qui
1184 901 1444 975 privatim
1492 905 1629 964 cum
1664 909 1769 967 hac

135 974 361 1034 consilia
391 976 622 1033 conferS.
708 979 857 1034 Mer.
905 978 1074 1037 Nihil
1107 980 1255 1056 mali,
1304 983 1584 1062 Minerva,
1613 988 1767 1049 hoc:

134 1073 314 1134 neque
356 1060 520 1115 etiam
564 1073 758 1114 contra
805 1078 902 1116 vos
933 1088 953 1131 3
996 1060 1081 1118 sed
1129 1062 1504 1142 interrogabat
1547 1089 1656 1141 me,
1698 1093 1767 1132 an

131 1154 305 1195 uxore
330 1139 511 1198 adhuc
540 1154 743 1196 careret
762 1139 924 1198 PariS.
996 1145 1142 1200 Asin.
1175 1141 1565 1217 Quamobrem
1591 1153 1771 1232 igitur

129 1216 243 1275 hoc
273 1219 639 1298 superstitiose
664 1218 800 1277 adeo
830 1222 918 1280 illa
944 1223 1138 1287 curat?
1181 1227 1332 1283 Mer.
1371 1227 1604 1290 Nescio.
1629 1235 1762 1293 Aie-

129 1295 223 1355 bat
257 1302 427 1378 igitur
467 1301 616 1381 quod
652 1303 859 1360 temere
891 1305 964 1362 ita
992 1306 1047 1361 in
1087 1323 1332 1365 mentem
1363 1310 1589 1370 venifl‘et
1630 1315 1766 1393 hoc,

127 1397 307 1458 neque
338 1403 407 1439 ex
443 1380 763 1460 composito
793 1385 1183 1465 interrogeiffet
1213 1409 1319 1447 me.
1406 1392 1554 1451 Min.
1602 1393 1763 1473 Qid

125 1478 282 1538 erg0‚
348 1481 568 1521 carente
615 1482 794 1522 uxore
835 1465 1067 1524 adhuc?
1132 1471 1280 1529 M'er.
1333 1471 1478 1530 Non
1522 1476 1760 1540 videtur.

122 1543 272 1601 Min.
322 1543 480 1620 Qud
512 1561 695 1603 autem
727 1544 749 1601 ?
805 1545 1093 1608 bellicaene
1135 1553 1210 1608 rei
1242 1550 1423 1611 studio
1452 1555 1640 1634 aliquo
1673 1577 1757 1619 te-

121 1639 305 1695 netur,
349 1644 515 1705 atque
553 1646 734 1684 amans
764 1628 962 1704 glor-ize
999 1630 1101 1705 est,
1146 1653 1212 1690 an
1244 1634 1381 1692 nihil
1410 1637 1554 1696 aliud
1591 1661 1759 1720 quam

120 1701 397 1764 bubulcus
438 1706 571 1765 est?
648 1709 795 1766 Mer.
846 1708 1061 1769 Verum
1104 1714 1328 1793 quidem
1377 1737 1491 1776 non
1541 1722 1756 1797 poss'um

120 1784 304 1843 dicere
332 1809 344 1845 :
390 1787 769 1868 conjecturam
793 1808 976 1849 autem
1000 1792 1175 1852 facere
1199 1797 1351 1872 licet,
1372 1800 1592 1878 juvenis
1618 1801 1755 1865 cum

120 1865 212 1941 fit,
255 1871 421 1926 etiam
469 1871 561 1928 has
604 1890 685 1926 res
725 1870 982 1949 consequi
1027 1875 1183 1934 illum
1225 1897 1453 1958 cupere,
1495 1903 1574 1951 'ac
1616 1887 1757 1946 velle

117 1952 471 2028 praecipuum
511 1954 565 2008 in
609 1952 809 2030 praeliis
857 1954 961 2012 effe
993 1954 1059 2014 se.
1147 1959 1280 2017 Ven.
1329 1960 1555 2022 Vides?
1615 1968 1754 2028 nihil

113 2046 401 2123 egonunc
426 2053 760 2111 conqueror,
805 2054 982 2115 neque
1014 2042 1233 2097 crimini
1263 2058 1420 2100 verto
1446 2044 1571 2121 tibi,
1598 2050 1751 2127 quod

113 2128 250 2168 cum
277 2111 379 2170 hac
412 2113 631 2172 seorfim
675 2135 821 2172 nunc
849 2116 1106 2197 loqueris,
1185 2119 1570 2196 Queruloruin
1600 2132 1751 2191 enim

112 2190 250 2271 hoc„
294 2214 406 2251 non
450 2195 699 2253 VeneriS.
786 2200 932 2257 Afer.
978 2201 1165 2259 Etiam
1200 2204 1326 2261 haec
1356 2205 1527 2267 ferme
1561 2210 1751 2272 eadem

111 2273 479 2354 interrogavit
522 2297 632 2349 me,
675 2279 1037 2355 quamobrem
1080 2287 1322 2364 graviter
1349 2306 1417 2345 ne
1454 2289 1612 2367 ferm,
1655 2313 1750 2352 ne·-

109 2374 217 2432 que
242 2374 398 2433 putes
419 2354 489 2414 eo
521 2361 702 2415 minus
732 2359 1150 2422 consecuturam
1177 2365 1281 2426 effe
1310 2386 1387 2438 te,
1435 2373 1586 2450 quod
1618 2374 1750 2435 huic

109 2456 331 2516 quoque
372 2437 692 2518 {impliciter
722 2441 782 2498 &T
808 2441 1007 2521 absque
1035 2445 1168 2503 dolo
1199 2448 1470 2527 respondi.

197 2536 244 2596 3.
290 2517 509 2578 Verum
567 2522 776 2579 interea
821 2524 954 2581 dum
1010 2527 1280 2588 sermones
1333 2533 1564 2611 edimm,
1634 2538 1743 2614 jam

105 2606 349 2660 muitum
382 2601 671 2681 progreffi‚
723 2605 1082 2684 relinquimus
1118 2611 1244 2689 post
1289 2632 1388 2672 nos
1417 2614 1586 2678 stellas
1612 2645 1633 2689 5
1680 2619 1743 2681 δί

162 2775 203 2798 ιι
234 2764 295 2802 Sic
332 2765 421 2811 satis
455 2764 662 2815 formosa.]
709 2765 803 2805 Dele
829 2766 897 2816 fic,
947 2781 1001 2809 ter
1033 2784 1221 2820 montana,
1265 2774 1443 2830 intelligit
1473 2784 1640 2827 Oenonen,
1674 2794 1741 2821 cu-

92 2813 312 2859 ,quidenim
336 2822 461 2867 opus?
946 2823 1003 2872 jus
1030 2836 1139 2867 extat
1169 2829 1217 2870 ad
1236 2830 1368 2880 Parida
1398 2831 1573 2883 Epistola·
1627 2835 1744 2876 Ovid-

162 2877 206 2901 12
240 2868 359 2916 Atque
394 2873 486 2910 inter
518 2880 657 2910 montes
689 2869 782 2910 mal&
816 2886 892 2914 con·
945 2877 1055 2930 Epist.
1075 2892 1115 2931 5,

97 2914 229 2967 factm]
262 2919 395 2968 Melius
426 2924 603 2965 Benedia‘.
632 2924 675 2966 &
704 2927 892 2979 vehemeti-

1527 3011 1733 3105 propes
