1830 3234
475 58 730 141 Gallus
785 57 883 142 &3⁹
923 59 1266 169 Mayllus.
1529 92 1570 145 1
1587 97 1689 176 97

55 201 170 259 hoc
199 196 443 278 quidem,
502 195 539 254 ὃ
580 196 766 266 Galle,
832 213 952 256 tum
997 198 1099 257 tibi
1138 194 1321 259 minus
1360 187 1688 266 foedum'fit

56 283 330 355 futurum,
374 299 441 337 ne
466 278 635 335 altera
679 276 869 335 caudae
900 296 1052 356 parte
1084 279 1367 338 mutilatus
1399 281 1689 344 claudices,

59 362 181 419 Gal.
221 363 345 439 Age
372 360 516 432 sane,
560 357 646 416 sed
676 374 865 416 utrum
890 360 1173 418 Simonem
1205 357 1355 438 prius
1384 362 1594 421 adimus
1620 385 1691 424 an

60 443 227 499 alium
275 443 592 519 quempiam
633 438 916 497 divitem?
986 443 1124 501 Mic.
1169 442 1346 499 Haud
1384 440 1516 513 alio,
1570 444 1690 504 imo

57 521 123 579 ad
161 523 473 590 Simonem,
524 522 617 599 qui
637 518 893 578 videlicet
916 541 1018 600 pro
1053 526 1103 551 ¹²
1130 521 1416 600 dissyllabo
1445 525 1694 604 tetrasyl-

60 603 214 660 labus
243 599 344 659 esse
367 599 611 676 affectet,
651 599 1004 680 posteaquam
1027 602 1175 661 dives
1203 602 1370 663 evasit
1398 632 1418 675 3
1465 605 1550 664 sed
1579 609 1694 682 jam

0 711 1 720 ¹
58 684 124 743 ad
156 682 296 741 fores
319 681 650 742 acceffimus.
732 679 889 760 Qid
926 684 1095 761 igitur
1126 683 1381 763 deinceps
1408 686 1550 745 facio
1569 678 1608 745 ‘?

135 781 235 840 42.
283 765 406 822 Gal.
457 764 705 822 Pennam
738 762 866 821 serae
899 765 1153 822 admove.
1233 766 1370 824 Mic.
1414 767 1567 825 Ecce
1594 792 1690 831 au..

56 860 171 903 tem
224 843 298 901 dii
337 845 495 919 boni,
559 844 761 901 ostium
810 844 1034 922 perinde
1084 861 1247 924 atque
1289 845 1429 904 clavi
1482 847 1686 911 refiliit,

65 927 188 984 Gal.
240 926 416 1005 Perge
455 922 625 1004 porro
670 924 1008 1003 praecedenS,
1066 926 1216 982 vides
1261 926 1415 985 illum
1456 928 1690 1007 vigilan„

55 1021 170 1064 tem
215 1026 278 1064 ac
321 1007 711 1086 supputantem
757 1004 780 1062 ?
858 1008 996 1066 Mic.
1059 1006 1246 1065 Video
1304 1028 1401 1086 per
1452 1008 1688 1082 Jovem‚

55 1087 116 1146 ὅτ.
155 1087 378 1167 quidem
417 1088 481 1145 ad
524 1087 810 1146 obscuram
848 1086 1288 1162 fiticulosamque
1328 1090 1692 1170 lucernulam,

51 1187 319 1247 praeterea
362 1170 549 1246 pallet,
606 1168 749 1228 haud
795 1167 905 1226 scio
953 1170 1119 1243 unde,
1180 1163 1369 1238 Galle,
1430 1168 1690 1254 totusque

53 1253 290 1326 exaruit,
333 1269 495 1329 atque
521 1266 843 1309 extenuatus
875 1249 977 1321 est,
1017 1253 1220 1309 mirum
1261 1253 1316 1308 ni
1345 1254 1484 1309 curis
1512 1281 1532 1323 3
1591 1276 1689 1314 ne-

54 1350 163 1408 que
199 1336 348 1391 enim
390 1332 642 1390 auditum
690 1331 767 1389 est
808 1331 963 1389 illum
1028 1332 1231 1412 alioqui
1284 1334 1421 1390 male
1474 1334 1691 1397 habere,

59 1413 186 1476 Gal,
234 1412 496 1472 Ausculta
523 1412 656 1493 quid
683 1414 854 1487 dicat,
898 1410 1166 1492 fiquidem
1195 1414 1464 1492 intelliges
1491 1417 1692 1493 quibus

54 1492 122 1549 de
153 1494 340 1554 caustis
369 1495 432 1552 ad
457 1515 582 1554 eum
606 1494 838 1552 modum
869 1492 935 1552 fit
967 1492 1209 1552 affectus,
1267 1497 1459 1556 Simon.
1494 1497 1689 1557 Nimi-

55 1593 178 1632 rum
212 1575 554 1655 septuaginta
581 1577 670 1634 illa
701 1576 903 1633 talenta
928 1592 1054 1633 tuto
1082 1573 1385 1635 admodum
1411 1577 1505 1635 sub
1535 1580 1691 1639 leffi-

56 1674 121 1714 ca
148 1655 352 1714 defoffa
382 1659 526 1733 sunt,
570 1677 746 1737 neque
782 1656 1062 1736 quisquam
1093 1658 1223 1716 alius
1258 1660 1488 1716 omnino
1521 1661 1687 1732 vidit,

53 1754 108 1794 at
138 1758 267 1796 vero
296 1739 528 1798 sedecim
556 1740 645 1798 illa
670 1737 894 1817 Sosylus
921 1737 1103 1817 equiso
1138 1740 1277 1797 vidit
1312 1760 1399 1796 me
1422 1739 1516 1798 sub
1543 1763 1690 1820 prae·

53 1816 163 1898 sepi
203 1821 603 1895 occultantem,
646 1823 827 1899 itaque
853 1818 920 1877 de
949 1820 1192 1877 curando
1225 1820 1436 1880 stabulo
1465 1843 1579 1880 non
1610 1824 1692 1883 est

53 1903 354 1960 admodum
397 1903 679 1976 follicum,
732 1921 1044 1980 quanquam
1080 1921 1181 1958 nec
1215 1902 1341 1960 alias
1386 1901 1692 1965 admodum

56 1979 254 2040 laboris
286 2001 549 2063 appetens
579 2012 598 2055 3
644 1981 937 2041 verisimile
973 1981 1051 2039 est
1076 1999 1261 2040 autem
1305 1984 1461 2042 illum
1508 1987 1691 2045 multo

54 2066 220 2121 etiam
264 2067 343 2122 his
392 2065 546 2143 plura
585 2062 866 2139 sustuliffe‚
909 2083 1034 2121 nam
1079 2061 1227 2121 unde
1256 2066 1461 2143 alioqui
1488 2066 1545 2124 T
1552 2067 1694 2126 ibius

52 2142 169 2201 heri
216 2164 328 2204 tam
369 2150 560 2224 ingens
604 2143 974 2204 salsamentum
1020 2144 1098 2201 illi
1145 2146 1376 2223 opsonio
1421 2149 1694 2226 proposu-

50 2223 169 2284 isset
197 2225 218 2282 ?
264 2246 384 2285 tum
411 2244 592 2285 autem
625 2229 776 2285 aiunt
799 2227 958 2284 illum
991 2228 1038 2259 ¹³
1074 2228 1278 2285 monile
1307 2226 1490 2284 emisse
1527 2232 1694 2288 uxori

57 2308 109 2340 ¹4
138 2310 412 2367 drachmis
442 2310 705 2388 quinque.
797 2309 930 2366 Heu
971 2307 1164 2366 misero
1202 2310 1362 2383 mihi,
1406 2309 1464 2366 hi
1504 2312 1693 2369 omnia

108 2485 155 2511 12
186 2473 256 2511 Pro
280 2471 721 2521 difflllabotetrafyllabus,
753 2470 844 2517 ὄπι]
948 2477 1027 2511 Dat
1045 2484 1206 2521 gemmas
1225 2473 1362 2522 digitis,
1391 2473 1458 2510 dat
1486 2470 1590 2522 longai
1616 2475 1695 2518 moi

51 2526 120 2565 ie·
149 2525 346 2563 Simonides
367 2537 433 2570 oro
453 2525 564 2563 Simo·
607 2525 713 2564 Vide
737 2524 844 2572 supra
1001 2527 1091 2562 nilia
1124 2524 1215 2561 collo.

50 2592 90 2618 n.
110 2590 171 2624 45·
198 2580 402 2615 cinnamus
423 2575 521 2623 apud
539 2577 746 2615 Martialem
777 2587 842 2626 pro
947 2577 1063 2617 Ovid.
1082 2580 1240 2614 Metam·
1262 2575 1324 2616 lib.
1352 2588 1412 2615 10.

47 2629 254 2680 triffyllabo
274 2629 396 2667 voluit
412 2628 652 2677 diffyllabon.
681 2630 843 2678 Cinnam,
954 2642 1001 2677 14
1041 2629 1234 2666 Drachmis
1282 2627 1480 2684 quinque0]
1546 2629 1694 2678 Duplex'

51 2687 224 2725 Cinname,
255 2693 288 2721 te
311 2679 413 2727 jubes
443 2684 579 2728 vocari,
597 2681 622 2718 1.
644 2687 676 2719 6.
698 2693 759 2732 ep.
786 2694 847 2729 17·
901 2693 980 2719 erat
1016 2678 1206 2725 drachma,
1243 2681 1356 2719 altera
1385 2684 1533 2727 Attica,
1573 2680 1695 2719 altera

111 2746 153 2783 13
187 2733 353 2781 Mortua]
387 2730 576 2771 Ἐλλξζιον
598 2733 732 2772 reffius
759 2735 847 2773 red·
901 2738 1084 2785 <AEginea‚
1112 2732 1213 2780 cnjus
1242 2733 1410 2772 valorem
1443 2733 1493 2771 ad
1523 2733 1693 2771 amussim

55 2785 155 2824 ditur
191 2790 347 2831 inauris,
381 2798 496 2832 quam
532 2788 685 2831 monile;
732 2787 782 2825 est
805 2797 846 2823 e·
900 2788 1005 2831 dare,
1034 2782 1144 2821 multi
1165 2782 1319 2822 fortaffe
1343 2785 1412 2823 erit
1427 2784 1579 2830 laboris,
1613 2797 1697 2834 pre-

54 2837 135 2876 nim
158 2849 430 2877 ornamentum
452 2837 554 2883 quod
579 2837 745 2876 inseritur
765 2839 846 2878 «τοῖς
900 2840 945 2877 tii
966 2850 1045 2877 non
1066 2835 1192 2879 multi,
1221 2848 1405 2881 quantum
1427 2849 1555 2875 autem
1575 2837 1696 2886 conji-

50 2886 170 2929 λοὲοῖς
193 2887 254 2931 «θ”μῑ
276 2890 390 2927 (ὅσ-ῶν.
407 2889 474 2926 i.e.
495 2890 577 2926 imiS
594 2889 761 2936 partibus
774 2904 842 2930 au-
898 2902 984 2929 cere
1005 2891 1102 2931 licet,
1121 2888 1291 2926 drachma
1311 2892 1450 2928 „Attica
1467 2889 1598 2927 nostrae
1609 2902 1696 2927 mo-

47 2940 161 2993 tium,
189 2946 312 2984 monile
331 2954 460 2983 autem
475 2940 529 2981 est
544 2942 628 2982 colli
645 2944 845 2994 proprium·
900 2956 997 2984 netae
1022 2936 1175 2981 valebat
1194 2951 1215 2985 7
1233 2939 1272 2979 d.
1293 2943 1450 2993 AEginea
1477 2951 1608 2981 autem
1632 2953 1647 2978 1
1666 2953 1698 2979 sa

710 3055 726 3103 i
1506 3049 1511 3054 ’
1575 3064 1697 3104 mea
