1830 3234
507 70 893 153 Promethei
918 71 1016 156 &123⁹
1037 75 1267 187 Jovis„
1531 82 1574 160 ”1
1593 112 1631 187 3
1653 84 1699 161 f

70 231 139 270 ne
174 209 413 271 obduEta
453 209 588 268 mihi
638 229 945 288 opponem,
1020 213 1080 270 ἃ
1123 210 1409 269 meliorem
1448 219 1690 290 partium

69 293 172 350 tibi
208 290 308 370 ips1
330 291 557 363 servam,
583 292 710 368 quid
734 291 931 348 attinet
960 290 1177 351 dicere?
1233 289 1362 348 Pro.
1396 293 1691 356 Sufficien-

68 388 181 430 tem
225 374 394 450 igitur
435 374 544 448 jam
586 391 811 449 poenam
852 371 1079 440 exsolvi,
1157 387 1374 431 tantum
1424 379 1690 454 temporis

68 451 313 510 Caucaso
340 450 556 520 affixu3‚
604 449 880 529 peffimam
926 455 1108 510 avium
1143 451 1412 529 perditam
1447 457 1686 534 aquilam

63 535 308 590 nutriens
335 534 548 610 hepate.
636 533 771 607 Jup.
805 532 905 590 Ne
935 535 1228 591 minimum
1251 534 1473 613 quidem
1491 538 1603 595 hoc
1629 558 1686 596 e-

62 632 221 670 orum
257 633 382 689 quae
412 631 466 671 te
493 629 716 692 oportet
745 614 877 690 pati.

145 711 197 752 z.
261 694 385 754 Pro,
429 696 603 773 Atqui
636 714 746 750 non
776 691 888 751 fine
918 694 1168 751 mercede
1206 714 1295 751 me
1324 692 1494 754 solves
1519 699 1686 778 Jupi-

60 789 165 849 ter,
193 773 275 834 sed
300 777 401 834 tibi
422 773 748 854 significabo
765 772 922 832 valde
943 774 1310 832 necessarium.
1354 777 1486 851 Jup.
1520 780 1686 839 Blan-

58 855 260 915 diendo
290 857 495 934 decipis
521 876 631 929 me,
670 854 1019 915 Promethee.
1111 854 1236 915 Fre.
1278 856 1354 913 Et
1396 858 1529 936 quid
1564 861 1686 938 plus

60 936 313 996 habebo?
388 957 498 995 non
533 938 678 995 enim
709 939 925 1014 ignoras
956 936 1128 995 rursus
1161 936 1257 994 ubi
1289 937 1561 998 Caucasus
1583 941 1685 1018 est,

60 1035 236 1097 neque
275 1016 546 1098 indigebis
583 1018 840 1092 vinculiS‚
901 1015 941 1074 fi
978 1038 1090 1097 quo
1130 1017 1299 1075 modo
1339 1019 1593 1080 versutias
1623 1043 1682 1081 a·

57 1115 190 1175 gens
212 1098 600 1178 deprehendar.
686 1099 816 1173 Jup‚
854 1100 966 1156 Dic
1001 1096 1174 1179 prim,
1217 1119 1512 1177 quamnam
1541 1123 1684 1162 mer-

59 1180 250 1238 cedem
283 1179 549 1260 persolves
577 1178 918 1237 necessariam
948 1181 1105 1239 nobis
1129 1180 1492 1239 existentem?
1553 1184 1683 1245 Pro,

60 1259 120 1317 Si
163 1261 353 1319 dixero
395 1261 456 1319 ad
492 1280 657 1339 quem
700 1260 887 1318 locum
919 1262 1066 1319 vadis
1095 1281 1267 1329 nune,
1332 1260 1442 1320 fide
1482 1263 1686 1345 dignus

56 1358 153 1399 ero
186 1342 311 1411 tibi,
350 1344 408 1402 ὅ(
433 1342 500 1399 de
533 1342 748 1416 reliquis
777 1341 1117 1402 vaticinans?
1191 1344 1322 1419 Jup.
1367 1340 1686 1419 Qiomodb

57 1423 204 1480 enim
235 1423 385 1481 non?
469 1423 597 1481 Pro.
649 1426 668 1457 ⁵
706 1422 796 1481 Ad
826 1423 1064 1495 Thetin,
1114 1426 1359 1482 coiturus
1385 1444 1514 1484 cum
1550 1429 1688 1506 ipsa.

56 1502 192 1579 Jup.
237 1505 374 1563 Hoc
403 1504 628 1584 quidem
659 1503 837 1573 nosti3
884 1505 1013 1582 quid
1043 1507 1215 1584 igitur
1236 1505 1460 1584 postea?
1507 1507 1685 1568 Vide·

56 1584 126 1640 ris
154 1586 299 1642 enim
330 1605 520 1643 verum
548 1585 806 1665 quiddam
833 1583 1096 1643 dicturus,
1138 1588 1265 1645 Pro.
1313 1586 1378 1647 N
1388 1587 1684 1666 ihil,6Ju-

54 1666 219 1742 piter‚
261 1667 335 1723 rei
368 1665 559 1725 habeas
589 1686 719 1724 cum
744 1666 959 1724 Nerine
990 1668 1114 1725 hac.
1174 1668 1230 1726 Si
1255 1669 1402 1728 enim
1431 1668 1540 1747 ipsa
1559 1690 1687 1750 gra-

53 1745 179 1803 vida
214 1746 469 1806 reddetur
506 1767 575 1805 ex
615 1763 693 1821 te,
745 1747 919 1805 foetus
949 1744 1142 1806 fimilia
1171 1748 1333 1806 faciet
1365 1749 1491 1818 tibi,
1550 1773 1685 1832 qua-

52 1825 125 1884 lia
144 1826 202 1886 &
225 1843 286 1885 tu
305 1827 479 1886 fecisti
507 1828 764 1886 Saturno,
846 1829 983 1904 Jup.
1021 1830 1156 1887 Hoc
1186 1829 1280 1898 εἰς,
1328 1830 1686 1909 expulsurum

54 1928 145 1966 me
179 1908 389 1988 regno?
434 1910 562 1971 Pro,
602 1908 838 1967 Utinam
871 1930 937 1968 ne
961 1909 1083 1977 fiat,
1118 1910 1178 1968 O
1199 1909 1444 1988 Jupiter,
1483 1932 1688 1973 verun-

52 2003 236 2047 tamen
265 1990 371 2048 tale
396 1989 598 2069 aliquid
627 1991 804 2048 coitus
834 1991 1000 2068 ipfius
1027 1991 1289 2063 minatum
1331 1993 1466 2068 Jup.
1487 1991 1688 2056 Valeat

9 2109 11 2111 .
52 2070 224 2149 igitur
254 2072 486 2130 Thetis:
534 2088 588 2129 te
611 2067 745 2130 vero
788 2080 808 2111 ⁶
844 2071 1131 2131 Vulcanus
1156 2070 1229 2130 ob
1259 2072 1384 2131 haec
1409 2072 1600 2134 solvat.

103 2245 125 2280 5
153 2231 215 2272 Ad
232 2230 391 2282 Thetim]
423 2234 547 2273 Thetis
578 2232 676 2272 Pelei
722 2231 842 2272 Thes·
895 2233 1077 2273 Hesiodus
1115 2234 1228 2284 paulo
1271 2244 1360 2274 ante
1396 2236 1523 2276 locum
1553 2239 1688 2288 pradi-

50 2283 148 2324 faliae
175 2286 290 2337 Regis
321 2287 441 2333 Uxor,
487 2285 529 2325 ὅ(
557 2286 687 2323 Mater
711 2285 842 2325 Achil·
895 2286 999 2324 &um
1042 2287 1096 2325 ait
1134 2287 1330 2326 Herculem
1372 2288 1541 2328 occidisse
1574 2293 1687 2339 aqui-

50 2337 110 2383 lis,
132 2336 207 2376 filia
233 2350 360 2376 autem
390 2339 506 2377 Nerei
533 2338 683 2382 marini,
725 2349 840 2385 atque
893 2339 985 2382 lam,
1024 2339 1066 2379 ὅ(
1085 2338 1357 2379 Prometheum
1384 2341 1608 2390 aegritudine
1633 2343 1684 2382 li-

51 2388 144 2428 inde
169 2401 301 2428 vocata
321 2390 474 2438 Νηρκΐς,
497 2402 564 2439 pro
592 2400 667 2436 quo
697 2390 838 2441 Virgil-
893 2389 1072 2436 beraffe3
1136 2390 1197 2430 sed
1238 2389 1480 2431 nihilominus
1535 2392 1685 2437 fortaffe

52 2441 149 2480 dixit
167 2444 311 2486 Nerine,
344 2442 473 2492 Eclog.
502 2452 539 2489 7.
894 2455 985 2491 opus
1027 2454 1109 2482 erat
1149 2443 1314 2482 Vulcano
1347 2443 1395 2482 ad
1429 2442 1548 2484 ferrea
1579 2445 1682 2488 fran-

101 2499 124 2532 6
153 2492 379 2544 Vulcanus.]
420 2495 533 2534 Filius
562 2493 666 2542 Jovis
701 2495 744 2534 δε
775 2496 841 2543 Ju-
894 2495 1019 2544 genda
1066 2496 1217 2536 vincula
1259 2494 1396 2545 quibus
1437 2499 1561 2552 monti
1599 2510 1683 2553 ξτες

50 2546 163 2597 nonis
189 2543 380 2589 fabrorum
417 2545 696 2588 metallicorum
724 2546 843 2610 Deus.
893 2547 1048 2598 ligatus.

541 2713 1181 2835 ,F-'NJS-

756 2975 973 3055 sz.
