1828 3229
129 105 179 170 ‘1
196 88 298 192 98
498 107 502 111 ’
548 89 804 170 Gallus
858 82 960 190 ἐξ)
994 86 1340 195 Afficyllusa

134 247 261 286 :mea
287 225 617 307 diffipabunt
638 225 803 297 bona,
846 222 976 300 quid
1009 221 1161 301 quod
1194 245 1261 282 ne
1302 221 1503 302 pocula
1541 222 1763 305 quidem

134 307 219 366 sat
252 310 309 366 in
347 325 472 366 tuto
518 307 657 365 mihi
699 303 981 363 recondita
1024 306 1167 379 lunt,
1223 325 1354 364 cum
1396 304 1502 362 fint
1541 302 1769 363 multa?

135 407 333 448 vereor
357 390 503 446 enim
533 407 601 443 ne
627 389 746 466 quis
771 405 835 444 ea
862 382 1083 443 suffosso
1106 388 1310 465 pariete
1341 386 1518 447 tollat.
1585 387 1764 444 Com-

135 470 321 548 plures
359 470 495 527 mihi
535 470 807 546 invident,
855 484 1019 546 atque
1057 466 1268 525 infidias
1311 484 1523 548 parant,
1565 482 1770 547 praeter

62 584 67 586 >
137 566 372 608 caeteros
402 565 588 606 autem
621 549 889 628 Micyllus
924 548 1021 606 iste
1048 549 1279 608 vicinus,
1451 553 1453 555 ’

219 647 318 708 43.
361 633 502 701 Mic..
549 631 633 689 Ita
661 651 759 709 per
786 631 1012 707 Jovem,
1039 649 1165 687 nam
1194 629 1293 688 tibi
1323 630 1438 688 sum
1470 628 1675 704 smilis,
1705 647 1769 687 ac

135 711 360 790 patellas
385 709 482 770 sub
505 713 584 770 ala
605 712 779 792 gestO.
873 712 996 774 Gal.
1038 712 1218 784 Tace,
1255 711 1514 787 Micylle,
1543 731 1610 769 ne
1637 731 1768 789 pro-

135 794 285 850 tinus
316 793 425 871 ipse
453 795 508 851 in
537 793 687 852 furto
713 815 810 852 nos
838 793 1057 873 prodas,
1137 793 1214 850 Si.
1261 793 1567 870 Optimum
1596 793 1769 870 igitur

136 874 330 950 fuerit,
372 891 434 932 ut
462 876 571 955 ipse
596 875 853 934 insomnis
880 874 1102 933 servem.
1181 874 1429 932 Omnem
1464 873 1636 932 obibo
1666 872 1768 930 do-

137 975 297 1014 mum
339 959 395 1014 in
439 959 631 1016 orbem
673 957 1046 1016 obambulans,
1132 953 1280 1034 Qis
1315 954 1463 1013 iste?
1505 956 1667 1013 video
1712 969 1769 1011 te

136 1056 239 1111 per
271 1038 496 1113 Jovem,
551 1038 588 1097 ὃ
620 1041 888 1118 parietum
933 1035 1204 1115 perfossor
1238 1063 1259 1106 3
1317 1037 1670 1119 posteaquam
1713 1053 1771 1092 es

138 1117 422 1194 columna,
476 1121 619 1180 bene,
662 1140 740 1179 res
788 1120 837 1177 se
868 1119 1051 1177 habet.
1139 1118 1545 1177 Pernumerabo
1584 1112 1768 1176 denuo

138 1199 400 1259 refossum
429 1221 744 1281 argentum,
775 1221 842 1259 ne
867 1200 999 1278 quid
1030 1200 1172 1258 forte
1195 1198 1404 1256 dudum
1429 1221 1520 1258 me
1543 1202 1770 1278 fugerit.

110 1279 233 1337 ‘En
259 1282 465 1340 rursum
497 1284 804 1362 obstrepuit
826 1282 965 1340 mihi
989 1282 1167 1340 nescio
1187 1282 1302 1359 quis
1330 1302 1343 1338 ε
1375 1283 1635 1339 nimirum
1665 1282 1768 1339 ob-

138 1358 338 1436 fidem,
380 1380 544 1442 atque
571 1363 771 1422 infidiis
800 1379 1031 1443 appetor
1067 1363 1133 1420 ab
1163 1363 1419 1419 omnibus
1453 1384 1464 1419 ε
1512 1363 1605 1420 ubi
1629 1365 1768 1422 mihi

137 1441 351 1519 gladius
381 1443 402 1500 ?
447 1445 486 1503 fi
515 1466 849 1525 quemquam
880 1443 1311 1523 deprehendero
1395 1444 1642 1503 Rursum
1673 1466 1769 1504 au·-

135 1540 261 1580 rum
291 1525 652 1585 defodiamus,

218 1622 316 1681 44.
363 1608 483 1665 Gal.
527 1610 619 1666 Sic
653 1608 751 1667 tibi
784 1607 1013 1683 habent,
1043 1608 1079 1669 ὃ
1112 1609 1374 1690 Micylle‚
1402 1626 1481 1663 res
1505 1606 1769 1683 Simoni8‚

47 1743 52 1750 ,
135 1684 225 1744 sed
253 1690 506 1746 abeamus
536 1689 600 1748 ad
626 1690 789 1748 alium
815 1693 1129 1770 quempiam
1166 1694 1344 1752 donec
1378 1688 1553 1746 moeris
1587 1688 1769 1748 adhuc

135 1768 536 1848 aliquantulum
573 1769 824 1849 superest.
912 1773 1045 1831 Mic.
1089 1775 1149 1832 O
1179 1774 1356 1848 miser,
1390 1770 1655 1845 ejusmodi
1682 1773 1767 1828 vi-

135 1850 222 1907 vit
247 1852 421 1910 vitam
452 1851 466 1908 !
514 1851 761 1911 hostibus
790 1854 1003 1911 eveniat
1032 1853 1095 1911 ad
1126 1856 1277 1914 hunc
1313 1852 1541 1911 modum
1574 1852 1770 1911 divites

135 1930 284 2000 effe3
331 1934 519 2010 itaque!
545 1954 741 2012 pugno
781 1937 836 1992 in
870 1936 1148 1993 maxillam
1195 1938 1272 1994 illi
1316 1933 1453 1993 illiso
1492 1932 1623 1990 volo
1662 1933 1767 1991 dis-

136 2012 347 2069 cedere.
418 2016 608 2071 Simon.
640 2015 785 2091 Qis
814 2036 901 2073 me
928 2016 1158 2094 pulsavit
1189 2018 1211 2075 ?
1254 2016 1542 2075 latrocinio
1576 2012 1769 2092 despo-

133 2092 241 2149 lior
281 2092 455 2152 miser.
543 2099 682 2154 Mc.
735 2097 896 2155 Plora
943 2117 1005 2153 ac
1048 2100 1240 2176 vigila,
1307 2093 1532 2173 aurique
1582 2092 1770 2158 fimilis

133 2173 368 2232 reddaris
410 2195 693 2255 corpore3
753 2176 1202 2259 quandoquidem
1245 2180 1323 2236 illi
1373 2178 1568 2235 affixus
1616 2175 1768 2236 dedi-

133 2251 328 2334 tusque
356 2275 428 2313 es,

210 2354 309 2415 45.
355 2337 485 2395 Nos
518 2356 703 2399 autem
734 2337 773 2397 fi
806 2338 1021 2397 videtur
1053 2339 1422 2420 Gniphonem
1459 2340 1761 2398 foenerato-

131 2439 245 2477 rem
274 2417 544 2491 visamus3
592 2443 716 2480 nam
748 2441 850 2478 nec
879 2423 919 2478 is
951 2424 1147 2498 procul
1179 2425 1311 2479 hinc
1334 2422 1542 2479 habitat
1576 2444 1588 2478 :
1637 2419 1765 2499 ipsae

128 2498 287 2558 nobis
329 2500 517 2579 suapte
564 2502 757 2581 sponte
807 2499 946 2560 fores
990 2520 1303 2580 patuerunt.
1413 2505 1535 2561 Gal.
1590 2503 1766 2560 Vides

130 2584 281 2639 hunc
321 2603 545 2661 quoque
581 2586 725 2642 curis
755 2583 1161 2662 invigilantem,
1204 2585 1263 2644 δε
1292 2584 1569 2643 usurarum
1601 2587 1767 2642 ratio-

127 2684 220 2721 nes
248 2664 536 2722 iterantem
568 2666 755 2743 digitis
790 2666 1059 2723 contortis
1086 2664 1108 2721 ?
1164 2668 1254 2723 cui
1286 2686 1459 2745 prope
1500 2666 1645 2722 diem
1684 2684 1793 2721 re->

127 2745 267 2802 lieris
298 2746 378 2801 his
406 2745 663 2803 omnibus
697 2746 762 2804 fit
793 2749 847 2803 in
878 2750 927 2780 ¹⁵
950 2745 1221 2822 Silpham,
1254 2765 1346 2804 aut
1375 2747 1635 2818 culicem,
1676 2761 1770 2803 aut

128 2825 368 2882 muscam
403 2825 731 2886 abeundum.
824 2830 964 2885 Mic.
1001 2825 1185 2885 Video
1214 2828 1468 2908 equidem
1505 2825 1761 2885 miserum

1827 2929 1828 2974 l

280 3007 325 3054 15
354 3000 394 3037 ln
411 2995 607 3050 Silpham]
638 3000 757 3052 Silpha
778 2998 877 3053 {dem
899 3013 941 3054 ag
961 3001 1070 3044 blatta
1087 3001 1241 3052 Budaeo,
1272 3000 1382 3056 Tgsse
1401 2997 1603 3057 Stephano·

1695 3093 1763 3138 ac
