1828 3229
150 103 250 176 90
423 73 734 179 Pffcator
749 67 905 175 sive
933 58 1449 170 Revivffcentes.

152 213 327 275 hune,
388 211 473 267 vel
508 206 918 268 Antisthenen]‚
976 200 1062 256 vel
1099 199 1404 263 Craterem‚
1451 195 1535 253 vel
1581 197 1745 256 etiam

150 307 227 367 tt,
253 289 561 370 Chrysippe
593 308 608 345 τ
655 287 796 342 Non
814 285 958 340 enim
982 278 1268 360 elegantiae
1288 278 1343 333 in
1366 277 1754 355 praescnti,nec

155 373 428 430 facultatis
458 364 832 426 conscribendi
858 381 1074 444 tempus
1096 362 1195 433 est,
1226 361 1307 420 sed
1328 359 1668 417 refutationis
1691 359 1751 418 &

158 454 418 527 iudicialis
445 448 669 506 aeftionis
698 462 1000 523 apparatus,
1087 444 1314 500 Rhetor
1335 442 1481 497 enim
1513 439 1592 497 cst
1622 441 1749 496 Par-

146 523 433 590 ‘rhesiades
519 529 678 604 Diog.
725 527 963 583 Proinde
1009 523 1183 603 ipsum
1228 521 1509 581 accusabo,
1571 541 1750 600 neque

157 617 304 670 enim
338 611 507 688 long-21
537 609 784 666 oratione
824 627 962 681 opus
997 611 1115 663 fore
1154 604 1388 662 arbitror
1419 624 1431 660 :
1487 618 1753 681 praeterea

153 714 244 751 me
272 691 426 770 supra
463 710 652 749 omnes
688 688 886 766 injuria
922 686 1126 756 affecit,
1170 682 1303 742 cum
1332 685 1544 742 duobus
1574 682 1752 740 obolis

153 774 354 830 venalis
386 773 578 830 fuerim
612 770 996 849 proclamatus.
1078 767 1167 826 Pl.
1215 768 1521 844 Diogenes,
1559 764 1594 821 ὃ
1624 765 1752 822 Phi-

154 854 424 930 losophia,
457 856 708 910 omnium
741 852 964 907 nomine
993 848 1156 907 verba
1187 849 1364 904 saciet.
1439 843 1681 920 Verum,
1711 845 1748 903 ὃ

155 936 454 1008 Generose,
500 934 809 991 memineris
840 951 950 988 non
980 929 1152 988 solum
1183 949 1283 1007 pro
1315 946 1368 985 te
1405 928 1505 984 hac
1535 927 1748 984 accusa-

154 1018 306 1074 tione
347 1017 637 1090 postulare,
681 1012 766 1070 sed
799 1033 914 1070 rem
943 1030 1298 1070 communem
1326 1012 1488 1067 etiam
1520 1007 1750 1086 respice-

155 1118 229 1155 re.
319 1096 507 1175 Siquid
550 1097 698 1152 enim
731 1115 829 1152 nos
863 1096 949 1152 alii
985 1093 1053 1150 ab
1083 1094 1194 1149 aliis
1225 1090 1524 1148 rationibus
1556 1090 1753 1146 discre-

153 1198 366 1257 pamus,
409 1198 468 1235 tu
499 1178 549 1234 id
588 1195 733 1233 nunc
760 1172 991 1235 minime
1023 1171 1289 1246 scruteris,
1333 1191 1508 1252 neque
1539 1173 1656 1251 quis
1683 1169 1752 1228 fit

153 1263 396 1317 veracior
429 1280 574 1315 nunc
606 1258 767 1314 dicas,
827 1258 930 1314 Sed
964 1258 1074 1315 hoc
1105 1254 1302 1321 solum,
1340 1257 1599 1333 quoniam
1621 1253 1750 1309 Phi-

152 1340 399 1418 losophia
429 1342 620 1418 injuria
661 1337 737 1394 est
777 1336 991 1412 affecta,
1034 1336 1353 1414 indignei·i8‚
1399 1335 1458 1392 ὃζ
1490 1336 1749 1414 quoniam

150 1420 522 1479 Parrhcfiades
553 1419 888 1476 sermonibus
919 1419 1058 1476 male
1084 1419 1291 1475 audivit
1321 1438 1332 1473 :
1378 1433 1540 1496 atque
1569 1417 1750 1493 opini-

153 1508 281 1559 ones
318 1504 538 1576 omitte,
585 1503 640 1557 in
680 1501 877 1578 quibus
906 1499 1235 1572 diffidemu8‚
1275 1496 1750 1576 communemque

151 1587 402 1642 omnium
427 1582 635 1641 causam
664 1579 915 1655 defende,
948 1582 1072 1639 vide
1095 1597 1149 1637 te
1175 1578 1348 1637 solum
1378 1578 1749 1658 praefecimUS,

154 1668 214 1723 ἂν
242 1668 294 1722 in
329 1677 378 1722 {c
402 1665 587 1722 omnia
609 1662 788 1720 nostra
814 1683 961 1720 nunc
986 1662 1383 1742 periclitantur,
1429 1676 1492 1717 ut
1511 1659 1596 1717 vel
1621 1678 1746 1736 gra-

153 1747 360 1807 vissima
378 1744 712 1812 censeantur,
731 1744 817 1801 vel
835 1745 1009 1823 qualia
1027 1745 1118 1801 hic
1138 1741 1415 1821 expreffit,
1444 1741 1751 1803 credantur.

241 1848 328 1886 10.
379 1829 533 1902 Diog.
581 1825 893 1900 Confidite‚
929 1826 1066 1883 nihil
1095 1827 1450 1882 omittemus:
1497 1843 1599 1901 pro
1626 1843 1748 1880 om-

156 1910 314 1967 nibus
355 1908 517 1967 verba
550 1907 762 1964 faciam.
850 1910 937 1965 Ac
967 1909 1218 1986 quamvis
1245 1903 1601 1982 Philosophia
1627 1923 1747 1961 ver-

153 1992 235 2049 bis
275 2005 501 2046 exorata
557 1993 780 2062 (natura
807 1990 964 2046 ‘enim
1008 1988 1283 2045 mansueta
1328 1985 1405 2043 est
1447 1985 1506 2044 &
1564 1987 1745 2058 mitis)

150 2071 325 2144 ipsum
360 2071 635 2127 dimittere
663 2067 955 2126 decernat:
1012 2089 1137 2126 meo
1177 2085 1360 2126 tamen
1400 2064 1590 2124 officio
1632 2087 1745 2125 non

151 2154 336 2230 dcere,
396 2170 517 2208 nam
561 2147 662 2227 ipfi
706 2170 794 2206 me
836 2170 947 2207 non
991 2150 1182 2208 frustra
1221 2148 1479 2205 baculum
1517 2147 1745 2227 gestare,

150 2234 448 2292 ostendam.
526 2233 630 2288 Ph.
669 2230 811 2288 Non
838 2231 985 2289 hoc:
1030 2230 1112 2288 sed
1145 2232 1328 2310 potius
1352 2229 1629 2287 sermone:
1670 2228 1745 2286 fic

149 2320 295 2373 enim
327 2314 605 2390 optimum
632 2312 732 2379 est,
780 2332 893 2369 non
923 2313 1075 2392 ligno
1103 2334 1215 2370 rem
1245 2330 1422 2391 agere.
1496 2311 1653 2389 Ergo
1677 2330 1745 2368 ne

151 2396 446 2468 cenetens,
480 2415 597 2473 ,am
633 2395 777 2450 enim
816 2392 980 2452 effusa
1020 2394 1097 2451 est
1135 2413 1292 2472 aqua,
1337 2391 1748 2472 conciliumque

151 2479 339 2535 oculos
371 2478 422 2532 in
454 2493 508 2532 te
537 2476 828 2533 convertit.
913 2478 1016 2534 Lu.
1065 2475 1295 2554 Reliqui
1322 2471 1660 2541 consideant,
1709 2472 1745 2530 ὃ

147 2557 522 2632 Philosophia,
565 2555 624 2613 &
653 2552 904 2634 suffragia
945 2556 1227 2615 vobiscum
1259 2555 1431 2613 ferant
1474 2575 1487 2610 :
1519 2574 1580 2612 ac
1608 2553 1748 2612 solus

151 2639 435 2716 Diogenes
463 2635 689 2694 accuset.
752 2638 860 2695 Plo.
894 2639 971 2694 At
999 2636 1267 2717 numquid
1295 2637 1488 2693 vereris
1519 2655 1585 2692 ne
1608 2655 1745 2693 con-

149 2737 230 2776 tra
262 2738 314 2777 te
357 2717 670 2775 sententiam
717 2720 1086 2797 pronuncient
1115 2718 1136 2774 ?
1187 2722 1284 2776 [u.
1320 2716 1694 2796 Nequaquam
1729 2738 1743 2774 τ

151 2804 267 2857 imo
313 2800 489 2876 plures
518 2798 647 2855 volo
677 2803 911 2856 vincere.
1001 2799 1103 2856 Ph.
1152 2797 1429 2857 Generosa
1462 2797 1581 2855 sunt
1620 2798 1745 2855 haec

151 2897 245 2938 tua
265 2879 439 2936 vei-ba.
511 2880 706 2937 Sedete
726 2879 896 2956 igitur
919 2902 930 2935 :
971 2883 1068 2939 Tu
1089 2878 1222 2937 vero
1240 2880 1524 2958 Diogenes
1552 2878 1745 2955 loque-

150 2980 224 3019 re.
293 2961 391 3020 Di.
424 2957 626 3035 Qiales
660 2962 760 3019 viri
790 2980 886 3018 nos
924 2961 978 3019 in
1007 2960 1218 3044 agenda
1247 2961 1363 3021 vita
1393 2959 1677 3032 fuerimus,
1705 2961 1741 3016 ὃ

1359 3039 1741 3119 Philosophia,
