1838 3229
157 0 326 115 165
575 7 911 94 Dearum
965 3 1369 117 Judiciumss

153 147 268 206 illae
298 146 533 205 comites
560 144 609 203 se
636 143 963 224 praebeant:
1008 159 1173 223 atque
1197 145 1273 202 ita
1302 159 1496 201 omnes
1537 140 1705 222 ipsam
1732 138 1800 202 ad

157 230 293 304 hoe,
347 227 499 307 quod
542 226 822 299 volumtiS,
875 224 1240 302 impellemuS.
1340 227 1441 284 Pa.
1485 220 1802 301 Qomo'do

156 308 388 371 fortaffis
415 310 526 367 hoc
552 307 841 386 procedet,
870 306 1149 363 incertum
1181 305 1384 378 adhue,
1432 303 1647 376 VenuS,
1673 305 1751 362 est
1788 323 1803 359 ε

157 406 519 452 veruntamen
549 408 676 445 amo
698 389 815 466 jam
838 387 1142 460 Helenam,
1186 386 1246 444 &
1279 384 1458 444 nescio
1488 406 1605 466 quo
1632 385 1797 464 pacto

159 476 330 532 etiam
358 470 541 529 videre
564 467 733 547 ipsam
760 468 898 524 mihi
929 467 1140 541 videor,
1185 467 1246 525 &T
1273 469 1478 547 navigo
1502 467 1651 526 recta
1678 486 1800 525 ver-

159 556 243 615 sus
273 552 581 624 Graeciam,
636 549 696 607 8<
726 549 784 605 in
813 547 986 627 sparta
1015 547 1247 628 peregre
1282 547 1490 624 absum,
1536 549 1595 609 ὅτ.
1639 547 1802 605 redeo

159 655 269 693 una
297 653 431 691 cum
453 650 628 690 uxore
658 651 671 688 :
717 631 777 688 ὃς
805 630 965 689 doleo
993 631 1144 709 quod
1174 649 1289 688 non
1320 633 1508 689 omnia
1534 631 1658 688 haec
1688 630 1802 711 jam

158 733 312 774 nunc
345 714 509 772 facio,

255 813 343 870 14.
389 795 521 855 Ven‘.
566 794 666 852 Ne
710 789 864 873 prius
893 793 1175 868 amaveris,
1219 791 1365 866 Pari,
1395 811 1560 871 quam
1590 811 1801 870 pronu-

158 878 289 937 bam
322 897 408 935 me
439 876 498 936 &
528 874 736 956 sponsae
765 875 1206 932 conciliatricem
1235 873 1453 952 judicio
1483 874 1595 932 hoc
1617 894 1800 932 remu-

161 978 379 1018 neratus
409 959 592 1017 fueriS.
679 958 863 1014 Decet
893 959 1042 1014 enim
1074 955 1134 1013 &
1162 975 1251 1013 me
1278 953 1529 1011 vietoriae
1559 975 1800 1034 compo-

162 1058 281 1100 tem
334 1038 531 1097 facham
570 1037 743 1096 adesse
783 1036 965 1110 vobiS,
1033 1036 1092 1095 ὃς
1123 1034 1498 1095 celebritatem
1543 1056 1803 1115 peragere

160 1123 481 1200 nuptiarum
526 1120 728 1198 pariter
771 1119 831 1176 &⁰
871 1118 1140 1176 victoriae.
1229 1117 1441 1176 Omnia
1471 1122 1619 1175 enim
1668 1120 1801 1178 licet

162 1204 270 1262 tibi
301 1204 449 1273 haec,
491 1201 552 1260 δεῖ
582 1219 851 1274 amorem,
894 1199 954 1258 ὃς
985 1199 1246 1268 formam,
1295 1197 1355 1256 &
1381 1200 1598 1277 nuptias
1626 1219 1801 1277 pomo

162 1284 269 1342 isto
298 1286 543 1342 mercari.
631 1280 735 1339 Pa.
782 1283 861 1339 At
885 1296 1077 1338 metuo
1118 1301 1186 1337 ne
1218 1299 1307 1338 me
1338 1280 1465 1357 post
1493 1281 1663 1338 latum
1705 1281 1800 1359 ju-

160 1364 374 1422 dicium
407 1364 652 1443 negligas
681 1363 742 1421 &
768 1378 1108 1420 contemnas,
1158 1363 1223 1421 V
1216 1383 1295 1419 en.
1326 1361 1430 1420 Vis
1465 1363 1638 1442 igitur
1667 1365 1714 1396 ²⁷
1742 1380 1804 1423 ut

161 1447 341 1523 jurem
373 1445 474 1503 tibi
502 1444 524 1502 ?
587 1449 687 1505 Pa.
729 1444 1127 1523 Nequaquam,
1170 1443 1257 1500 sed
1286 1459 1503 1501 tantum
1536 1446 1806 1521 promitte

162 1524 366 1585 denuo.
449 1528 584 1585 Ven.
631 1527 916 1583 Promitto
960 1527 1131 1604 igitur
1164 1524 1438 1583 Helenam
1481 1525 1804 1587 tradituram

162 1628 254 1666 me
289 1605 399 1665 effe
425 1627 659 1665 uxorem
687 1608 813 1680 tibi,
857 1606 916 1664 ἃ*
954 1607 1196 1664 futuram
1237 1607 1506 1664 comitem
1548 1607 1802 1685 proficis-

161 1690 315 1747 centi
347 1689 411 1746 ad
444 1687 611 1767 ipsam
646 1710 658 1744 ε
719 1688 914 1745 deinde
946 1687 1004 1746 Sc
1058 1687 1223 1745 llium
1264 1702 1554 1747 venturam
1599 1690 1702 1747 effe
1736 1690 1802 1749 ad

162 1790 283 1828 VOS.
366 1774 556 1849 Atque
601 1766 737 1827 adeo
785 1768 892 1847 ipsa
933 1766 1165 1848 praesens
1205 1768 1392 1843 adcr0,
1434 1769 1494 1828 δε
1524 1771 1590 1828 ad
1619 1774 1806 1831 omnia

162 1850 501 1929 opitulabor.
547 1854 692 1911 Ῥω.
735 1850 923 1908 Etiam
966 1850 1330 1929 Cupidinem,
1374 1850 1434 1908 &
1476 1852 1804 1912 Amabilita-

161 1949 306 2005 tem,
351 1933 410 1990 ἄ
442 1932 662 1990 Gratias
695 1948 880 1989 tecum
911 1932 1143 1990 adduces
1173 1929 1197 1988 ?
1254 1932 1388 1989 Ven.
1432 1933 1655 1992 Bonum
1688 1937 1802 1993 ani-

163 2033 320 2071 mum
357 2013 495 2070 habe
534 2035 547 2070 :
594 2016 730 2092 quin
762 2015 820 2071 &
850 2011 1201 2071 Defiderium
1233 2012 1291 2071 ὅ(
1332 2008 1382 2046 ³3
1414 2014 1801 2092 Hymenaeum

162 2091 433 2172 praeterea
462 2099 696 2153 comites
723 2094 1002 2153 assumam.
1091 2091 1161 2151 P.
1210 2094 1310 2153 Ob
1343 2096 1469 2153 haec
1509 2097 1684 2175 igitur
1727 2098 1802 2156 do

139 2175 271 2234 tibi
300 2195 562 2254 pomum,
604 2176 679 2234 ob
717 2177 841 2233 haec
873 2177 1083 2254 accipe.

216 2348 265 2388 37
292 2338 347 2379 Ut
376 2335 556 2386 jurem]
601 2337 799 2379 Venenum
837 2341 952 2389 jura·
1006 2348 1196 2384 amaraco,
1212 2336 1341 2377 dextra
1361 2335 1484 2378 facem
1504 2350 1655 2386 tenens,
1668 2339 1804 2382 sinistra

159 2405 321 2432 meneum
361 2392 494 2437 quanti
533 2390 807 2430 aestimandum·
848 2391 956 2428 Vide
1007 2390 1242 2439 flammeum,
1269 2403 1346 2442 quo
1373 2403 1484 2429 novae
1513 2404 1640 2442 nuptae
1667 2391 1703 2431 se
1733 2405 1803 2431 ve-

160 2446 296 2488 fxasm.
318 2442 437 2494 Adag-
469 2455 537 2482 nec
556 2445 677 2493 major
705 2441 858 2481 fortasse
882 2441 953 2481 ad·
1007 2442 1082 2480 lare
1106 2441 1291 2489 solebant,
1335 2454 1453 2490 atque
1489 2443 1575 2484 hinc
1597 2457 1707 2494 nupta
1729 2458 1803 2484 vo-

157 2495 329 2535 hibenda
359 2495 451 2533 fides
482 2496 516 2533 ei
551 2495 657 2544 quod
690 2494 798 2544 facit,
839 2506 953 2541 quam
1006 2504 1112 2531 catae-
1166 2497 1299 2533 Nubere
1342 2497 1446 2534 enim
1484 2497 1520 2535 in
1566 2498 1712 2547 proprio
1759 2500 1804 2538 δε

162 2546 267 2594 quod
287 2546 414 2585 suadet
436 2549 585 2586 Venus.
1009 2545 1128 2596 primo
1146 2545 1369 2596 fignificatu,
1392 2558 1470 2587 non
1489 2550 1591 2588 aliud
1617 2550 1668 2587 est
1688 2548 1805 2595 quam

218 2599 260 2646 38
291 2603 336 2637 Et
363 2598 619 2649 Hymenaeum]
649 2604 863 2649 Hymenaeus,
890 2598 954 2650 qui
1008 2600 1137 2636 velare.
1176 2603 1421 2649 Hymenaeum
1449 2599 1496 2640 fic
1531 2599 1726 2646 indutum,
1755 2600 1801 2640 fic

158 2653 201 2692 &
233 2656 364 2700 Hymen
399 2651 550 2699 dicitur,
590 2656 688 2691 Deus
721 2653 786 2698 qui
812 2650 955 2700 nuptiis
1008 2661 1184 2688 ornatum
1215 2652 1264 2691 ad
1295 2651 1398 2702 31⁴1}ae
1426 2658 1469 2696 (γ’
1499 2655 1634 2692 Manlii
1659 2657 1802 2701 nuptias

156 2706 294 2752 praeest·
350 2708 449 2743 Inter
475 2704 639 2743 Veteres
669 2708 836 2743 Deorum
860 2706 954 2742 ima·
1007 2702 1146 2740 invitat
1164 2704 1347 2743 Catullus.
1402 2704 1500 2746 Vide
1513 2707 1629 2746 etiam
1647 2708 1802 2746 chartar-

158 2757 263 2806 gines
295 2757 454 2797 extabat
488 2767 688 2800 coronatus
725 2755 879 2809 floribus
909 2755 954 2798 δε
1009 2756 1051 2795 de
1067 2757 1217 2807 imagin·
1238 2761 1409 2810 Deorum·

1537 2903 1798 2964 DIA-
