1828 3229
139 65 292 133 140
503 36 860 124 Mercurii
912 45 1010 128 &3³
1038 56 1394 164 Apollinis.

130 187 304 245 quum
336 172 483 248 quod
514 174 614 249 est,
669 178 776 256 ipse
814 183 1043 260 cu1·ab0‚
1095 212 1158 248 ac
1181 270 1187 274 ἣ
1195 194 1312 268 jam
1353 197 1514 257 fimul
1554 207 1760 282 rapiam

130 249 265 308 hinc
295 251 480 328 ipsam.
563 260 629 329 J.
659 259 717 316 Si
754 260 855 318 tibi
886 264 1043 324 facile
1074 271 1210 330 adeo
1244 280 1373 352 hoc,
1417 281 1578 340 facias
1613 287 1764 363 licet,

130 347 490 391 veruntamen
517 334 650 394 illud
682 338 814 417 scio,
858 348 1007 424 quod
1050 372 1191 411 amas
1223 378 1283 417 ea
1325 379 1452 442 quae
1488 363 1590 421 tibi
1620 386 1759 425 con-

131 411 344 490 tingere
373 433 671 492 nequeunt.

461 646 1164 738 DIALOG.
1260 669 1384 744 XI.

209 800 794 878 MERCUR11
861 818 924 881 ὃζ
991 824 1656 904 APOLLINIS.

131 1013 176 1055 Σ.
213 999 357 1057 Mer.
571 1002 687 1063 Uid
726 1007 859 1068 vero
888 1014 1049 1074 tristis
1078 1039 1154 1095 es,
1186 1026 1443 1102 Apollo?
1481 1031 1551 1088 A.
1582 1031 1747 1111 Qo·

611 1089 778 1163 niam,
809 1091 845 1150 ὁ
879 1095 1152 1172 Mercuri,
1187 1106 1346 1165 miser
1366 1125 1528 1189 atque
1556 1116 1746 1176 infelix

117 1159 265 1253 circa
291 1183 499 1223 amores
518 1170 652 1225 sum.
702 1173 791 1231 M.
819 1174 1075 1252 Dignum
1101 1186 1322 1262 quidem
1351 1211 1592 1252 moerore
1613 1198 1747 1275 hoe,

113 1235 202 1297 sed
233 1259 295 1299 tu
332 1265 445 1322 quo
474 1246 638 1325 pafto
677 1252 833 1310 miser
872 1273 1034 1336 atque
1064 1265 1254 1324 infelix
1285 1289 1337 1326 es
1370 1291 1386 1329 :
1432 1276 1522 1332 An
1561 1277 1744 1339 adhue

111 1319 307 1380 dolore
345 1324 517 1385 afficit
560 1346 612 1387 te
655 1332 710 1389 id
771 1340 786 1363 ¹
822 1340 970 1415 quod
1014 1362 1143 1403 curn
1193 1348 1434 1428 Daphne
1480 1359 1679 1417 accidit
1717 1360 1741 1417 ?

112 1402 187 1458 A.
231 1403 631 1485 Nequaquam,
673 1411 759 1470 sed
793 1417 1051 1481 amafium
1078 1425 1241 1486 doleo
1264 1431 1551 1496 Laconem
1583 1440 1739 1501 illum

116 1487 137 1510 ²
175 1483 374 1544 Oebali
405 1486 605 1549 filium.
689 1496 781 1553 M.
830 1501 916 1559 An
946 1522 1198 1566 mortuus
1225 1511 1304 1570 est
1334 1515 1688 1594 Hyacinthus
1715 1521 1738 1580 ?

107 1562 198 1621 dic
226 1567 383 1628 mihi.
442 1576 516 1629 A.
547 1578 735 1655 Atque
774 1579 1094 1645 admodum.
1165 1594 1256 1650 M.
1289 1594 1459 1656 Unde
1484 1602 1738 1680 Apollo?

104 1663 199 1704 aut
227 1649 346 1726 quis
373 1652 446 1708 ita
474 1651 542 1710 ab
566 1660 720 1715 omni
750 1680 935 1720 amore
963 1667 1163 1729 alienus
1191 1672 1318 1751 fuit,
1364 1696 1426 1737 ut
1452 1683 1731 1745 occideret

102 1726 407 1789 formosum
446 1733 603 1794 illurn
647 1743 926 1816 puerum?
979 1750 1050 1807 A.
1079 1753 1278 1813 Meum
1324 1759 1488 1836 ipfius
1524 1762 1727 1825 fafitum

101 1807 214 1865 hoc
263 1810 360 1871 est.
446 1815 538 1872 M.
586 1818 741 1893 Quid
778 1824 999 1901 igitur?
1066 1833 1417 1897 insanivistin‘
1465 1846 1731 1922 Apollo?

103 1888 174 1946 A.
196 1889 457 1966 N0n‚sed
479 1896 840 1961 infortunium
858 1910 1133 1983 quoddam
1150 1918 1327 1976 invito
1347 1924 1480 1981 mihi
1502 1928 1722 1988 accidit.

101 1970 194 2028 Ass.
242 1969 553 2046 Qiomodo
585 1977 608 2035 ?
651 1986 820 2062 cupio
861 1991 1009 2048 enim
1043 1996 1227 2054 audire
1262 2004 1528 2064 rationem
1563 2007 1721 2068 hanc.

185 2068 236 2107 2.
289 2056 307 2086 ³
354 2054 528 2115 Disco
572 2059 757 2121 ludere
796 2066 1053 2148 discebat,
1098 2095 1261 2152 atque
1298 2103 1406 2161 ego
1446 2087 1555 2145 una
1592 2110 1721 2150 cum

96 2130 194 2188 illo
224 2132 496 2194 ludebam.
586 2142 874 2205 Caete1·slm
896 2153 1190 2216 ventorum
1218 2169 1469 2224 omnium
1502 2170 1725 2246 peffimf}

104 2215 128 2248 4
153 2214 395 2290 perditus
420 2217 709 2301 Zephyrus
743 2230 955 2289 amabat
985 2239 1206 2315 quidem
1241 2244 1415 2324 longo
1438 2251 1556 2326 jam
1580 2271 1721 2312 tem-

164 2400 178 2424 x
230 2391 335 2437 Quod
384 2406 464 2430 cum
503 2399 651 2444 Daphne
697 2404 878 2448 accidit-J
933 2407 1035 2446 mina
1068 2422 1100 2447 1·
1121 2413 1241 2461 jactus
1260 2416 1359 2461 disci·
1398 2433 1434 2457 2-
1450 2424 1574 2469 fitltus·
1605 2426 1715 2476 3.ja-

95 2439 253 2488 Daphne
288 2441 434 2492 fugiens
469 2449 658 2495 Apollinis
688 2454 879 2500 ampiexus
931 2463 1075 2501 eulatia.
1146 2478 1185 2512 4·
1227 2471 1357 2513 cursus·
1424 2487 1460 2521 5.
1488 2478 1596 2516 lulla.
1637 2480 1720 2517 Dis·

92 2492 200 2531 versa
232 2493 284 2532 est
316 2495 353 2533 in
384 2497 561 2545 laurum3
601 2504 649 2542 de
679 2504 752 2549 qui
785 2506 875 2546 vide
929 2525 994 2550 cus
1041 2525 1171 2553 autem
1213 2530 1303 2567 erat,
1359 2534 1402 2561 ut
1436 2526 1717 2582 glossographus

92 2543 211 2583 ovid.
228 2549 384 2586 Metam.
401 2564 437 2587 v·
458 2562 550 2599 470,
570 2556 646 2594 δα.
668 2556 732 2594 lib.
753 2571 787 2594 1.
928 2565 1075 2603 Graecus
1109 2567 1277 2615 loquitur
1310 2571 1427 2623 βαρῦς
1450 2578 1605 2627 HQ,
1638 2585 1664 2622 i.
1683 2596 1715 2622 e.

147 2609 166 2633 2
197 2599 314 2637 Oebali
333 2601 475 2647 filium-J
515 2606 608 2644 Hinc
630 2618 786 2647 vocatur·
807 2613 877 2652 Oe·
919 2619 1047 2664 gravis
1069 2621 1170 2667 lapis,
1196 2624 1236 2663 &
1271 2623 1403 2666 formae
1438 2631 1555 2670 etiam
1583 2647 1717 2675 rotun-

88 2648 220 2688 balides
239 2651 287 2688 ab
304 2653 457 2699 Ovidio,
475 2653 540 2694 lib.
560 2670 618 2697 10.
643 2674 682 2698 v.
705 2665 791 2703 196.
924 2666 999 2716 dae,
1030 2671 1133 2716 quod
1164 2685 1210 2712 ex
1236 2676 1384 2719 Ovidio
1413 2694 1522 2731 patet
1549 2689 1739 2727 Metam-⁴

139 2704 285 2741 Laberis
315 2705 504 2746 Oebalide
532 2713 653 2759 prima
701 2715 873 2761 fraudate
927 2719 992 2758 lib·
1020 2735 1076 2758 10.
1109 2742 1145 2764 v.
1169 2727 1255 2777 183.

179 2757 347 2803 juventa.
976 2775 1101 2814 Tollere
1138 2778 1337 2822 Tanarides
1377 2783 1513 2826 orbem
1541 2797 1708 2848 propera-

141 2815 161 2853 3
194 2810 297 2850 Disco
332 2812 450 2850 ludere
480 2813 664 2865 discebat-J
692 2820 869 2873 Quinque
1027 2828 1098 2878 bat,
1127 2833 1199 2872 (γε.

84 2857 187 2909 apud
221 2859 373 2915 Graegos
412 2875 554 2914 yeteres
600 2879 706 2923 eram
749 2883 868 2926 certa:
970 2888 997 2928 4
1018 2882 1186 2935 Perdigus
1225 2887 1448 2942 Zephyrus]
1487 2896 1605 2936 Iratus
1637 2895 1712 2939 hoc

1572 3067 1710 3128 pore
