<?xml version="1.0" encoding="UTF-8"?>
<!DOCTYPE html PUBLIC "-//W3C//DTD XHTML 1.0 Transitional//EN"
    "http://www.w3.org/TR/xhtml1/DTD/xhtml1-transitional.dtd">
<html xmlns="http://www.w3.org/1999/xhtml" xml:lang="en" lang="en">
 <head>
  <title>
</title>
<meta http-equiv="Content-Type" content="text/html;charset=utf-8" />
  <meta name='ocr-system' content='tesseract 3.04.00' />
  <meta name='ocr-capabilities' content='ocr_page ocr_carea ocr_par ocr_line ocrx_word'/>
</head>
<body>
  <div class='ocr_page' id='page_1' title='image "./nonnullilucian00luci_0360.png"; bbox 0 0 1828 3229; ppageno 0'>
   <div class='ocr_carea' id='block_1_1' title="bbox 139 65 1402 182">
    <p class='ocr_par' dir='ltr' id='par_1_1' title="bbox 139 65 1402 182">
     <span class='ocr_line' id='line_1_1' title="bbox 139 65 1402 182; baseline -0.01 -26"><span class='ocrx_word' id='word_1_1' title='bbox 139 109 166 156; x_wconf 85' lang='lat'>1</span> <span class='ocrx_word' id='word_1_2' title='bbox 195 106 223 154; x_wconf 91' lang='lat'>1</span> <span class='ocrx_word' id='word_1_3' title='bbox 240 104 294 174; x_wconf 91' lang='lat'>4</span> <span class='ocrx_word' id='word_1_4' title='bbox 463 70 794 182; x_wconf 71' lang='lat' dir='ltr'><strong>Cataplus</strong></span> <span class='ocrx_word' id='word_1_5' title='bbox 829 68 989 178; x_wconf 75' lang='lat' dir='ltr'><strong>five</strong></span> <span class='ocrx_word' id='word_1_6' title='bbox 1025 65 1402 176; x_wconf 63' lang='lat' dir='ltr'><strong>Yjwasmus.</strong></span> 
     </span>
    </p>
   </div>
   <div class='ocr_carea' id='block_1_2' title="bbox 130 199 1793 3120">
    <p class='ocr_par' dir='ltr' id='par_1_2' title="bbox 131 199 1758 2137">
     <span class='ocr_line' id='line_1_2' title="bbox 132 199 1751 288; baseline -0.006 -18"><span class='ocrx_word' id='word_1_7' title='bbox 132 209 362 288; x_wconf 74' lang='lat' dir='ltr'><strong>fligebat</strong></span> <span class='ocrx_word' id='word_1_8' title='bbox 390 228 495 267; x_wconf 85' lang='lat' dir='ltr'><strong>me.</strong></span> <span class='ocrx_word' id='word_1_9' title='bbox 586 208 761 266; x_wconf 87' lang='lat' dir='ltr'><strong>Velut</strong></span> <span class='ocrx_word' id='word_1_10' title='bbox 794 204 950 282; x_wconf 86' lang='lat' dir='ltr'><strong>supra</strong></span> <span class='ocrx_word' id='word_1_11' title='bbox 976 205 1261 263; x_wconf 82' lang='lat' dir='ltr'><strong>hominem</strong></span> <span class='ocrx_word' id='word_1_12' title='bbox 1291 200 1472 259; x_wconf 86' lang='lat' dir='ltr'><strong>nescio</strong></span> <span class='ocrx_word' id='word_1_13' title='bbox 1498 199 1640 280; x_wconf 83' lang='lat' dir='ltr'><strong>quis,</strong></span> <span class='ocrx_word' id='word_1_14' title='bbox 1689 201 1751 260; x_wconf 65' lang='grc' dir='ltr'><strong>δε</strong></span> 
     </span>
     <span class='ocr_line' id='line_1_3' title="bbox 131 281 1752 368; baseline -0.007 -20"><span class='ocrx_word' id='word_1_15' title='bbox 131 310 216 349; x_wconf 87' lang='lat' dir='ltr'><strong>ter</strong></span> <span class='ocrx_word' id='word_1_16' title='bbox 250 291 437 348; x_wconf 84' lang='lat' dir='ltr'><strong>beatus</strong></span> <span class='ocrx_word' id='word_1_17' title='bbox 465 288 777 368; x_wconf 74' lang='lat' dir='ltr'>apparebat,</span> <span class='ocrx_word' id='word_1_18' title='bbox 823 286 882 345; x_wconf 81' lang='lat'>&amp;</span> <span class='ocrx_word' id='word_1_19' title='bbox 918 285 1030 343; x_wconf 91' lang='lat' dir='ltr'><strong>fere</strong></span> <span class='ocrx_word' id='word_1_20' title='bbox 1061 305 1175 343; x_wconf 88' lang='lat' dir='ltr'><strong>non</strong></span> <span class='ocrx_word' id='word_1_21' title='bbox 1208 284 1522 363; x_wconf 80' lang='lat' dir='ltr'>pulchrior,</span> <span class='ocrx_word' id='word_1_22' title='bbox 1567 281 1627 339; x_wconf 74' lang='lat' dir='ltr'><strong>Sc</strong></span> <span class='ocrx_word' id='word_1_23' title='bbox 1654 301 1752 339; x_wconf 85' lang='lat' dir='ltr'><strong>ex-</strong></span> 
     </span>
     <span class='ocr_line' id='line_1_4' title="bbox 137 365 1753 446; baseline -0.007 -16"><span class='ocrx_word' id='word_1_24' title='bbox 137 371 334 430; x_wconf 84' lang='lat' dir='ltr'><strong>celfior</strong></span> <span class='ocrx_word' id='word_1_25' title='bbox 380 371 576 427; x_wconf 73' lang='lat' dir='ltr'><strong>homine</strong></span> <span class='ocrx_word' id='word_1_26' title='bbox 613 371 833 446; x_wconf 79' lang='lat' dir='ltr'><strong>integro</strong></span> <span class='ocrx_word' id='word_1_27' title='bbox 881 367 1078 425; x_wconf 87' lang='lat' dir='ltr'><strong>cubito</strong></span> <span class='ocrx_word' id='word_1_28' title='bbox 1119 367 1276 445; x_wconf 87' lang='lat' dir='ltr'><strong>regio</strong></span> <span class='ocrx_word' id='word_1_29' title='bbox 1312 365 1481 422; x_wconf 73' lang='lat' dir='ltr'><strong>elatus</strong></span> <span class='ocrx_word' id='word_1_30' title='bbox 1521 378 1753 441; x_wconf 87' lang='lat' dir='ltr'><strong>propter</strong></span> 
     </span>
     <span class='ocr_line' id='line_1_5' title="bbox 136 442 1753 527; baseline -0.006 -16"><span class='ocrx_word' id='word_1_31' title='bbox 136 452 439 522; x_wconf 77' lang='lat' dir='ltr'><strong>fortunam,</strong></span> <span class='ocrx_word' id='word_1_32' title='bbox 482 451 539 508; x_wconf 61' lang='grc' dir='ltr'>δί</span> <span class='ocrx_word' id='word_1_33' title='bbox 574 444 875 527; x_wconf 66' lang='lat' dir='ltr'><strong>magnific&amp;</strong></span> <span class='ocrx_word' id='word_1_34' title='bbox 904 448 1231 527; x_wconf 79' lang='lat' dir='ltr'><strong>procedenS,</strong></span> <span class='ocrx_word' id='word_1_35' title='bbox 1261 446 1321 504; x_wconf 67' lang='grc' dir='ltr'><strong>δε</strong></span> <span class='ocrx_word' id='word_1_36' title='bbox 1350 442 1580 522; x_wconf 77' lang='lat' dir='ltr'><strong>seipsum</strong></span> <span class='ocrx_word' id='word_1_37' title='bbox 1609 442 1753 502; x_wconf 86' lang='lat' dir='ltr'><strong>resu-</strong></span> 
     </span>
     <span class='ocr_line' id='line_1_6' title="bbox 135 527 1754 612; baseline -0.004 -22"><span class='ocrx_word' id='word_1_38' title='bbox 135 537 352 612; x_wconf 79' lang='lat' dir='ltr'><strong>pinanS,</strong></span> <span class='ocrx_word' id='word_1_39' title='bbox 400 533 458 589; x_wconf 79' lang='lat'>&amp;</span> <span class='ocrx_word' id='word_1_40' title='bbox 494 531 687 588; x_wconf 84' lang='lat' dir='ltr'><strong>obvios</strong></span> <span class='ocrx_word' id='word_1_41' title='bbox 718 528 1174 608; x_wconf 74' lang='lat' dir='ltr'><strong>obstupefaciens,</strong></span> <span class='ocrx_word' id='word_1_42' title='bbox 1265 527 1536 584; x_wconf 85' lang='lat' dir='ltr'>Mortuus</span> <span class='ocrx_word' id='word_1_43' title='bbox 1566 541 1754 584; x_wconf 85' lang='lat' dir='ltr'><strong>autem</strong></span> 
     </span>
     <span class='ocr_line' id='line_1_7' title="bbox 136 607 1751 676; baseline -0.006 -5"><span class='ocrx_word' id='word_1_44' title='bbox 136 613 396 672; x_wconf 85' lang='lat' dir='ltr'><strong>ridiculus</strong></span> <span class='ocrx_word' id='word_1_45' title='bbox 429 616 659 669; x_wconf 88' lang='lat' dir='ltr'><strong>omnino</strong></span> <span class='ocrx_word' id='word_1_46' title='bbox 690 612 826 669; x_wconf 82' lang='lat' dir='ltr'><strong>mihi</strong></span> <span class='ocrx_word' id='word_1_47' title='bbox 851 610 990 668; x_wconf 79' lang='lat' dir='ltr'><strong>visus</strong></span> <span class='ocrx_word' id='word_1_48' title='bbox 1017 609 1113 667; x_wconf 87' lang='lat' dir='ltr'><strong>est.</strong></span> <span class='ocrx_word' id='word_1_49' title='bbox 1180 609 1304 669; x_wconf 90' lang='lat' dir='ltr'><strong>Ubi</strong></span> <span class='ocrx_word' id='word_1_50' title='bbox 1331 610 1488 668; x_wconf 82' lang='lat' dir='ltr'>exuit</span> <span class='ocrx_word' id='word_1_51' title='bbox 1517 607 1751 676; x_wconf 74' lang='lat' dir='ltr'><strong>luxum3</strong></span> 
     </span>
     <span class='ocr_line' id='line_1_8' title="bbox 138 688 1756 773; baseline -0.006 -20"><span class='ocrx_word' id='word_1_52' title='bbox 138 695 197 753; x_wconf 67' lang='grc' dir='ltr'><strong>ὃ(</strong></span> <span class='ocrx_word' id='word_1_53' title='bbox 226 692 492 771; x_wconf 84' lang='lat' dir='ltr'><strong>meipsum</strong></span> <span class='ocrx_word' id='word_1_54' title='bbox 511 693 692 752; x_wconf 84' lang='lat' dir='ltr'><strong>adhuc</strong></span> <span class='ocrx_word' id='word_1_55' title='bbox 713 694 882 773; x_wconf 85' lang='lat' dir='ltr'><strong>magis</strong></span> <span class='ocrx_word' id='word_1_56' title='bbox 905 691 1241 764; x_wconf 80' lang='lat' dir='ltr'><strong>deridebam,</strong></span> <span class='ocrx_word' id='word_1_57' title='bbox 1285 691 1445 770; x_wconf 84' lang='lat' dir='ltr'><strong>quale</strong></span> <span class='ocrx_word' id='word_1_58' title='bbox 1471 688 1756 767; x_wconf 79' lang='lat' dir='ltr'><strong>piaculum</strong></span> 
     </span>
     <span class='ocr_line' id='line_1_9' title="bbox 135 768 1757 853; baseline -0.004 -21"><span class='ocrx_word' id='word_1_59' title='bbox 135 776 473 853; x_wconf 83' lang='lat' dir='ltr'><strong>stupueram,</strong></span> <span class='ocrx_word' id='word_1_60' title='bbox 507 797 577 833; x_wconf 78' lang='lat' dir='ltr'><strong>ex</strong></span> <span class='ocrx_word' id='word_1_61' title='bbox 600 773 791 831; x_wconf 87' lang='lat' dir='ltr'><strong>nidore</strong></span> <span class='ocrx_word' id='word_1_62' title='bbox 814 775 1114 853; x_wconf 76' lang='lat' dir='ltr'>conjiciens</span> <span class='ocrx_word' id='word_1_63' title='bbox 1137 773 1305 852; x_wconf 87' lang='lat' dir='ltr'><strong>ipfius</strong></span> <span class='ocrx_word' id='word_1_64' title='bbox 1329 772 1673 843; x_wconf 79' lang='lat' dir='ltr'><strong>felicitatem,</strong></span> <span class='ocrx_word' id='word_1_65' title='bbox 1696 768 1757 826; x_wconf 80' lang='lat'>&amp;</span> 
     </span>
     <span class='ocr_line' id='line_1_10' title="bbox 136 851 1756 934; baseline -0.004 -21"><span class='ocrx_word' id='word_1_66' title='bbox 136 856 359 915; x_wconf 87' lang='lat' dir='ltr'><strong>beatum</strong></span> <span class='ocrx_word' id='word_1_67' title='bbox 389 858 686 934; x_wconf 73' lang='lat' dir='ltr'><strong>praedicans</strong></span> <span class='ocrx_word' id='word_1_68' title='bbox 719 872 947 934; x_wconf 87' lang='lat' dir='ltr'><strong>propter</strong></span> <span class='ocrx_word' id='word_1_69' title='bbox 976 852 1291 934; x_wconf 85' lang='lat' dir='ltr'><strong>sanguinem</strong></span> <span class='ocrx_word' id='word_1_70' title='bbox 1324 871 1516 926; x_wconf 79' lang='lat' dir='ltr'><strong>eorum,</strong></span> <span class='ocrx_word' id='word_1_71' title='bbox 1541 871 1669 931; x_wconf 81' lang='lat' dir='ltr'><strong>quae</strong></span> <span class='ocrx_word' id='word_1_72' title='bbox 1698 851 1756 907; x_wconf 89' lang='lat' dir='ltr'><strong>in</strong></span> 
     </span>
     <span class='ocr_line' id='line_1_11' title="bbox 138 933 1756 1015; baseline -0.002 -21"><span class='ocrx_word' id='word_1_73' title='bbox 138 937 429 996; x_wconf 80' lang='lat' dir='ltr'><strong>Laconico</strong></span> <span class='ocrx_word' id='word_1_74' title='bbox 456 937 751 1015; x_wconf 66' lang='lat' dir='ltr'><strong>marisam,</strong></span> <span class='ocrx_word' id='word_1_75' title='bbox 785 935 1215 995; x_wconf 80' lang='lat' dir='ltr'>conchiliorum.</span> <span class='ocrx_word' id='word_1_76' title='bbox 1281 935 1427 993; x_wconf 88' lang='lat' dir='ltr'><strong>Non</strong></span> <span class='ocrx_word' id='word_1_77' title='bbox 1457 933 1634 991; x_wconf 86' lang='lat' dir='ltr'><strong>solum</strong></span> <span class='ocrx_word' id='word_1_78' title='bbox 1659 954 1756 992; x_wconf 89' lang='lat' dir='ltr'><strong>au-</strong></span> 
     </span>
     <span class='ocr_line' id='line_1_12' title="bbox 139 1015 1758 1094; baseline -0.002 -17"><span class='ocrx_word' id='word_1_79' title='bbox 139 1036 255 1077; x_wconf 88' lang='lat' dir='ltr'><strong>tem</strong></span> <span class='ocrx_word' id='word_1_80' title='bbox 285 1020 431 1076; x_wconf 83' lang='lat' dir='ltr'><strong>hunc</strong></span> <span class='ocrx_word' id='word_1_81' title='bbox 454 1021 705 1093; x_wconf 72' lang='lat' dir='ltr'><strong>ridebam,</strong></span> <span class='ocrx_word' id='word_1_82' title='bbox 745 1016 831 1076; x_wconf 89' lang='lat' dir='ltr'><strong>sed</strong></span> <span class='ocrx_word' id='word_1_83' title='bbox 858 1018 918 1076; x_wconf 66' lang='grc' dir='ltr'><strong>ὃς</strong></span> <span class='ocrx_word' id='word_1_84' title='bbox 944 1017 1339 1076; x_wconf 87' lang='lat' dir='ltr'><strong>foeneratorem</strong></span> <span class='ocrx_word' id='word_1_85' title='bbox 1364 1015 1758 1094; x_wconf 84' lang='lat' dir='ltr'><strong>Gniphonem,</strong></span> 
     </span>
     <span class='ocr_line' id='line_1_13' title="bbox 139 1096 1756 1180; baseline -0.001 -24"><span class='ocrx_word' id='word_1_86' title='bbox 139 1100 327 1157; x_wconf 87' lang='lat' dir='ltr'><strong>videns</strong></span> <span class='ocrx_word' id='word_1_87' title='bbox 353 1118 690 1178; x_wconf 73' lang='lat' dir='ltr'><strong>gementem,</strong></span> <span class='ocrx_word' id='word_1_88' title='bbox 735 1100 793 1158; x_wconf 61' lang='grc' dir='ltr'><strong>ὃς</strong></span> <span class='ocrx_word' id='word_1_89' title='bbox 827 1100 1200 1179; x_wconf 86' lang='lat' dir='ltr'><strong>poenitentem</strong></span> <span class='ocrx_word' id='word_1_90' title='bbox 1232 1098 1384 1180; x_wconf 88' lang='lat' dir='ltr'><strong>quod</strong></span> <span class='ocrx_word' id='word_1_91' title='bbox 1418 1117 1532 1155; x_wconf 89' lang='lat' dir='ltr'><strong>non</strong></span> <span class='ocrx_word' id='word_1_92' title='bbox 1558 1096 1756 1155; x_wconf 83' lang='lat' dir='ltr'><strong>fruitus</strong></span> 
     </span>
     <span class='ocr_line' id='line_1_14' title="bbox 139 1177 1753 1261; baseline -0.001 -23"><span class='ocrx_word' id='word_1_93' title='bbox 139 1180 270 1238; x_wconf 81' lang='lat' dir='ltr'><strong>effet</strong></span> <span class='ocrx_word' id='word_1_94' title='bbox 309 1184 578 1260; x_wconf 73' lang='lat' dir='ltr'><strong>pecuniiS,</strong></span> <span class='ocrx_word' id='word_1_95' title='bbox 640 1180 721 1239; x_wconf 86' lang='lat' dir='ltr'><strong>sed</strong></span> <span class='ocrx_word' id='word_1_96' title='bbox 774 1182 833 1238; x_wconf 83' lang='lat' dir='ltr'><strong>iis</strong></span> <span class='ocrx_word' id='word_1_97' title='bbox 875 1200 988 1238; x_wconf 89' lang='lat' dir='ltr'><strong>non</strong></span> <span class='ocrx_word' id='word_1_98' title='bbox 1031 1180 1258 1261; x_wconf 83' lang='lat' dir='ltr'><strong>gustatis</strong></span> <span class='ocrx_word' id='word_1_99' title='bbox 1299 1195 1554 1238; x_wconf 87' lang='lat' dir='ltr'><strong>mortuus</strong></span> <span class='ocrx_word' id='word_1_100' title='bbox 1597 1177 1753 1247; x_wconf 86' lang='lat' dir='ltr'><strong>effet,</strong></span> 
     </span>
     <span class='ocr_line' id='line_1_15' title="bbox 139 1260 1758 1343; baseline 0.001 -25"><span class='ocrx_word' id='word_1_101' title='bbox 139 1261 381 1341; x_wconf 79' lang='lat' dir='ltr'><strong>prodigo</strong></span> <span class='ocrx_word' id='word_1_102' title='bbox 414 1265 743 1322; x_wconf 73' lang='lat' dir='ltr'><strong>Rhodocari</strong></span> <span class='ocrx_word' id='word_1_103' title='bbox 796 1262 1011 1321; x_wconf 83' lang='lat' dir='ltr'><strong>divitias</strong></span> <span class='ocrx_word' id='word_1_104' title='bbox 1068 1264 1396 1343; x_wconf 79' lang='lat' dir='ltr'><strong>1·elinquenS‚</strong></span> <span class='ocrx_word' id='word_1_105' title='bbox 1468 1260 1562 1317; x_wconf 77' lang='lat' dir='ltr'><strong>ille</strong></span> <span class='ocrx_word' id='word_1_106' title='bbox 1609 1266 1758 1319; x_wconf 86' lang='lat' dir='ltr'><strong>enim</strong></span> 
     </span>
     <span class='ocr_line' id='line_1_16' title="bbox 138 1340 1757 1424; baseline 0.002 -27"><span class='ocrx_word' id='word_1_107' title='bbox 138 1343 430 1421; x_wconf 79' lang='lat' dir='ltr'><strong>proximus</strong></span> <span class='ocrx_word' id='word_1_108' title='bbox 461 1363 573 1403; x_wconf 85' lang='lat' dir='ltr'><strong>erat</strong></span> <span class='ocrx_word' id='word_1_109' title='bbox 602 1345 703 1424; x_wconf 75' lang='lat' dir='ltr'><strong>ipsi</strong></span> <span class='ocrx_word' id='word_1_110' title='bbox 741 1364 960 1422; x_wconf 86' lang='lat' dir='ltr'><strong>genere,</strong></span> <span class='ocrx_word' id='word_1_111' title='bbox 1005 1344 1064 1403; x_wconf 82' lang='lat'>&amp;</span> <span class='ocrx_word' id='word_1_112' title='bbox 1108 1345 1316 1424; x_wconf 82' lang='lat' dir='ltr'><strong>primus</strong></span> <span class='ocrx_word' id='word_1_113' title='bbox 1359 1342 1422 1402; x_wconf 91' lang='lat' dir='ltr'><strong>ad</strong></span> <span class='ocrx_word' id='word_1_114' title='bbox 1462 1340 1757 1401; x_wconf 77' lang='lat' dir='ltr'><strong>haeredita-</strong></span> 
     </span>
     <span class='ocr_line' id='line_1_17' title="bbox 140 1424 1753 1504; baseline 0.001 -25"><span class='ocrx_word' id='word_1_115' title='bbox 140 1440 255 1480; x_wconf 83' lang='lat' dir='ltr'><strong>tem</strong></span> <span class='ocrx_word' id='word_1_116' title='bbox 287 1428 609 1496; x_wconf 78' lang='lat' dir='ltr'><strong>vocabatur,</strong></span> <span class='ocrx_word' id='word_1_117' title='bbox 665 1448 735 1484; x_wconf 77' lang='lat' dir='ltr'><strong>ex</strong></span> <span class='ocrx_word' id='word_1_118' title='bbox 778 1426 923 1503; x_wconf 84' lang='lat' dir='ltr'><strong>lege,</strong></span> <span class='ocrx_word' id='word_1_119' title='bbox 991 1445 1105 1484; x_wconf 89' lang='lat' dir='ltr'><strong>non</strong></span> <span class='ocrx_word' id='word_1_120' title='bbox 1151 1426 1419 1485; x_wconf 83' lang='lat' dir='ltr'><strong>habebam</strong></span> <span class='ocrx_word' id='word_1_121' title='bbox 1462 1424 1753 1504; x_wconf 87' lang='lat' dir='ltr'><strong>quomodo</strong></span> 
     </span>
     <span class='ocr_line' id='line_1_18' title="bbox 139 1505 1754 1586; baseline 0.002 -26"><span class='ocrx_word' id='word_1_122' title='bbox 139 1505 548 1583; x_wconf 73' lang='lat' dir='ltr'><strong>compescerem</strong></span> <span class='ocrx_word' id='word_1_123' title='bbox 594 1508 776 1566; x_wconf 83' lang='lat' dir='ltr'><strong>risum.</strong></span> <span class='ocrx_word' id='word_1_124' title='bbox 862 1508 940 1567; x_wconf 88' lang='lat' dir='ltr'><strong>Et</strong></span> <span class='ocrx_word' id='word_1_125' title='bbox 992 1506 1294 1586; x_wconf 67' lang='lat' dir='ltr'><strong>praesertim</strong></span> <span class='ocrx_word' id='word_1_126' title='bbox 1341 1527 1558 1565; x_wconf 87' lang='lat' dir='ltr'><strong>memor</strong></span> <span class='ocrx_word' id='word_1_127' title='bbox 1601 1505 1754 1586; x_wconf 89' lang='lat' dir='ltr'><strong>quod</strong></span> 
     </span>
     <span class='ocr_line' id='line_1_19' title="bbox 139 1585 1752 1669; baseline 0.002 -28"><span class='ocrx_word' id='word_1_128' title='bbox 139 1585 370 1663; x_wconf 80' lang='lat' dir='ltr'><strong>pallidus</strong></span> <span class='ocrx_word' id='word_1_129' title='bbox 409 1586 617 1669; x_wconf 80' lang='lat' dir='ltr'><strong>semper</strong></span> <span class='ocrx_word' id='word_1_130' title='bbox 658 1591 718 1649; x_wconf 67' lang='lat'><strong>8&lt;</strong></span> <span class='ocrx_word' id='word_1_131' title='bbox 770 1588 1036 1669; x_wconf 81' lang='lat' dir='ltr'><strong>squalidus</strong></span> <span class='ocrx_word' id='word_1_132' title='bbox 1076 1605 1188 1648; x_wconf 83' lang='lat' dir='ltr'><strong>erat</strong></span> <span class='ocrx_word' id='word_1_133' title='bbox 1234 1591 1378 1648; x_wconf 89' lang='lat' dir='ltr'><strong>curis</strong></span> <span class='ocrx_word' id='word_1_134' title='bbox 1415 1587 1598 1646; x_wconf 87' lang='lat' dir='ltr'><strong>fronte</strong></span> <span class='ocrx_word' id='word_1_135' title='bbox 1636 1587 1752 1666; x_wconf 80' lang='lat' dir='ltr'><strong>ple-</strong></span> 
     </span>
     <span class='ocr_line' id='line_1_20' title="bbox 137 1669 1757 1751; baseline 0.004 -30"><span class='ocrx_word' id='word_1_136' title='bbox 137 1685 261 1735; x_wconf 64' lang='grc' dir='ltr'><strong>ηας,</strong></span> <span class='ocrx_word' id='word_1_137' title='bbox 308 1669 367 1727; x_wconf 67' lang='lat'><strong>⁴&amp;</strong></span> <span class='ocrx_word' id='word_1_138' title='bbox 396 1669 516 1727; x_wconf 88' lang='lat' dir='ltr'><strong>solis</strong></span> <span class='ocrx_word' id='word_1_139' title='bbox 546 1672 733 1750; x_wconf 81' lang='lat' dir='ltr'><strong>digitis</strong></span> <span class='ocrx_word' id='word_1_140' title='bbox 764 1673 961 1739; x_wconf 82' lang='lat' dir='ltr'><strong>DiveS,</strong></span> <span class='ocrx_word' id='word_1_141' title='bbox 1008 1670 1208 1751; x_wconf 86' lang='lat' dir='ltr'><strong>quibus</strong></span> <span class='ocrx_word' id='word_1_142' title='bbox 1237 1671 1440 1730; x_wconf 85' lang='lat' dir='ltr'><strong>talenta</strong></span> <span class='ocrx_word' id='word_1_143' title='bbox 1470 1669 1530 1729; x_wconf 66' lang='grc' dir='ltr'><strong>δε</strong></span> <span class='ocrx_word' id='word_1_144' title='bbox 1554 1671 1757 1748; x_wconf 89' lang='lat' dir='ltr'><strong>myria·</strong></span> 
     </span>
     <span class='ocr_line' id='line_1_21' title="bbox 138 1746 1757 1833; baseline 0.004 -31"><span class='ocrx_word' id='word_1_145' title='bbox 138 1746 228 1803; x_wconf 84' lang='lat' dir='ltr'><strong>das</strong></span> <span class='ocrx_word' id='word_1_146' title='bbox 263 1748 612 1828; x_wconf 79' lang='lat' dir='ltr'><strong>supputabat,</strong></span> <span class='ocrx_word' id='word_1_147' title='bbox 654 1751 842 1811; x_wconf 81' lang='lat' dir='ltr'><strong>sensim</strong></span> <span class='ocrx_word' id='word_1_148' title='bbox 869 1752 1135 1833; x_wconf 86' lang='lat' dir='ltr'><strong>colligens</strong></span> <span class='ocrx_word' id='word_1_149' title='bbox 1165 1773 1295 1833; x_wconf 82' lang='lat' dir='ltr'><strong>quae</strong></span> <span class='ocrx_word' id='word_1_150' title='bbox 1321 1753 1473 1811; x_wconf 86' lang='lat' dir='ltr'><strong>brevi</strong></span> <span class='ocrx_word' id='word_1_151' title='bbox 1503 1768 1757 1830; x_wconf 82' lang='lat' dir='ltr'><strong>tempore</strong></span> 
     </span>
     <span class='ocr_line' id='line_1_22' title="bbox 138 1827 1757 1893; baseline 0.006 -10"><span class='ocrx_word' id='word_1_152' title='bbox 138 1827 473 1889; x_wconf 70' lang='lat' dir='ltr'><strong>dissolvenda</strong></span> <span class='ocrx_word' id='word_1_153' title='bbox 509 1851 661 1891; x_wconf 86' lang='lat' dir='ltr'><strong>erant</strong></span> <span class='ocrx_word' id='word_1_154' title='bbox 692 1836 722 1893; x_wconf 74' lang='lat' dir='ltr'><strong>a</strong></span> <span class='ocrx_word' id='word_1_155' title='bbox 748 1833 910 1893; x_wconf 86' lang='lat' dir='ltr'><strong>beato</strong></span> <span class='ocrx_word' id='word_1_156' title='bbox 941 1833 1038 1892; x_wconf 84' lang='lat' dir='ltr'><strong>illo</strong></span> <span class='ocrx_word' id='word_1_157' title='bbox 1066 1834 1429 1893; x_wconf 85' lang='lat' dir='ltr'><strong>Rhodocare.</strong></span> <span class='ocrx_word' id='word_1_158' title='bbox 1521 1833 1626 1892; x_wconf 89' lang='lat' dir='ltr'><strong>Sed</strong></span> <span class='ocrx_word' id='word_1_159' title='bbox 1656 1852 1757 1892; x_wconf 83' lang='lat' dir='ltr'><strong>cur</strong></span> 
     </span>
     <span class='ocr_line' id='line_1_23' title="bbox 139 1913 1755 1994; baseline 0.004 -28"><span class='ocrx_word' id='word_1_160' title='bbox 139 1927 251 1965; x_wconf 75' lang='lat' dir='ltr'><strong>non</strong></span> <span class='ocrx_word' id='word_1_161' title='bbox 295 1914 410 1990; x_wconf 73' lang='lat' dir='ltr'><strong>jam</strong></span> <span class='ocrx_word' id='word_1_162' title='bbox 442 1914 699 1973; x_wconf 84' lang='lat' dir='ltr'><strong>abimus?</strong></span> <span class='ocrx_word' id='word_1_163' title='bbox 744 1915 804 1975; x_wconf 80' lang='lat'>&amp;</span> <span class='ocrx_word' id='word_1_164' title='bbox 842 1917 982 1973; x_wconf 88' lang='lat' dir='ltr'><strong>inter</strong></span> <span class='ocrx_word' id='word_1_165' title='bbox 1013 1915 1387 1994; x_wconf 82' lang='lat' dir='ltr'><strong>navigandum</strong></span> <span class='ocrx_word' id='word_1_166' title='bbox 1426 1913 1501 1973; x_wconf 91' lang='lat' dir='ltr'><strong>ob</strong></span> <span class='ocrx_word' id='word_1_167' title='bbox 1532 1916 1633 1974; x_wconf 86' lang='lat' dir='ltr'><strong>alia</strong></span> <span class='ocrx_word' id='word_1_168' title='bbox 1671 1916 1755 1972; x_wconf 89' lang='lat' dir='ltr'><strong>vi-</strong></span> 
     </span>
     <span class='ocr_line' id='line_1_24' title="bbox 139 1987 1758 2073; baseline 0.007 -29"><span class='ocrx_word' id='word_1_169' title='bbox 139 1987 392 2050; x_wconf 82' lang='lat' dir='ltr'><strong>debimus</strong></span> <span class='ocrx_word' id='word_1_170' title='bbox 441 1995 714 2073; x_wconf 80' lang='lat' dir='ltr'><strong>plorantes</strong></span> <span class='ocrx_word' id='word_1_171' title='bbox 759 1997 881 2055; x_wconf 88' lang='lat' dir='ltr'><strong>illos</strong></span> <span class='ocrx_word' id='word_1_172' title='bbox 911 1996 1173 2056; x_wconf 78' lang='lat' dir='ltr'><strong>videntes,</strong></span> <span class='ocrx_word' id='word_1_173' title='bbox 1265 2000 1373 2057; x_wconf 78' lang='lat' dir='ltr'><strong>Clo,</strong></span> <span class='ocrx_word' id='word_1_174' title='bbox 1427 1995 1758 2057; x_wconf 84' lang='lat' dir='ltr'><strong>Conscende</strong></span> 
     </span>
     <span class='ocr_line' id='line_1_25' title="bbox 137 2074 1072 2137; baseline 0.012 -12"><span class='ocrx_word' id='word_1_175' title='bbox 137 2087 201 2126; x_wconf 82' lang='lat' dir='ltr'><strong>ut</strong></span> <span class='ocrx_word' id='word_1_176' title='bbox 231 2074 446 2132; x_wconf 63' lang='lat' dir='ltr'><strong>attollat</strong></span> <span class='ocrx_word' id='word_1_177' title='bbox 480 2078 725 2136; x_wconf 80' lang='lat' dir='ltr'><strong>Portitor</strong></span> <span class='ocrx_word' id='word_1_178' title='bbox 752 2078 1072 2137; x_wconf 84' lang='lat' dir='ltr'><strong>anchoram.</strong></span> 
     </span>
    </p>

    <p class='ocr_par' dir='ltr' id='par_1_3' title="bbox 130 2152 1793 3060">
     <span class='ocr_line' id='line_1_26' title="bbox 224 2152 1760 2245; baseline 0.007 -34"><span class='ocrx_word' id='word_1_179' title='bbox 224 2152 277 2245; x_wconf 63' lang='grc'><strong>8.</strong></span> <span class='ocrx_word' id='word_1_180' title='bbox 311 2156 458 2244; x_wconf 73' lang='lat' dir='ltr'><strong>Cha.</strong></span> <span class='ocrx_word' id='word_1_181' title='bbox 510 2159 664 2218; x_wconf 84' lang='lat' dir='ltr'><strong>Heus</strong></span> <span class='ocrx_word' id='word_1_182' title='bbox 696 2176 780 2235; x_wconf 86' lang='lat' dir='ltr'><strong>tu,</strong></span> <span class='ocrx_word' id='word_1_183' title='bbox 812 2162 1162 2239; x_wconf 70' lang='lat' dir='ltr'><strong>quo—ferris</strong></span> <span class='ocrx_word' id='word_1_184' title='bbox 1195 2161 1218 2218; x_wconf 90' lang='lat'>?</span> <span class='ocrx_word' id='word_1_185' title='bbox 1262 2161 1487 2242; x_wconf 85' lang='lat' dir='ltr'><strong>plenum</strong></span> <span class='ocrx_word' id='word_1_186' title='bbox 1529 2161 1646 2239; x_wconf 82' lang='lat' dir='ltr'><strong>jam</strong></span> <span class='ocrx_word' id='word_1_187' title='bbox 1680 2161 1760 2221; x_wconf 88' lang='lat' dir='ltr'><strong>est</strong></span> 
     </span>
     <span class='ocr_line' id='line_1_27' title="bbox 135 2241 1756 2322; baseline 0.005 -28"><span class='ocrx_word' id='word_1_188' title='bbox 135 2255 463 2315; x_wconf 56' lang='lat' dir='ltr'><strong>navigium:</strong></span> <span class='ocrx_word' id='word_1_189' title='bbox 528 2241 618 2299; x_wconf 82' lang='lat' dir='ltr'><strong>hic</strong></span> <span class='ocrx_word' id='word_1_190' title='bbox 650 2242 924 2322; x_wconf 66' lang='lat' dir='ltr'><strong>exspecta,</strong></span> <span class='ocrx_word' id='word_1_191' title='bbox 972 2262 1089 2301; x_wconf 88' lang='lat' dir='ltr'><strong>cras</strong></span> <span class='ocrx_word' id='word_1_192' title='bbox 1134 2263 1314 2318; x_wconf 86' lang='lat' dir='ltr'><strong>mane,</strong></span> <span class='ocrx_word' id='word_1_193' title='bbox 1359 2243 1419 2302; x_wconf 57' lang='grc' dir='ltr'><strong>ὃς</strong></span> <span class='ocrx_word' id='word_1_194' title='bbox 1447 2241 1756 2302; x_wconf 87' lang='lat' dir='ltr'><strong>transvehe-</strong></span> 
     </span>
     <span class='ocr_line' id='line_1_28' title="bbox 135 2320 1755 2406; baseline 0.006 -32"><span class='ocrx_word' id='word_1_195' title='bbox 135 2339 273 2376; x_wconf 76' lang='lat' dir='ltr'><strong>mus.</strong></span> <span class='ocrx_word' id='word_1_196' title='bbox 361 2320 473 2378; x_wconf 65' lang='lat' dir='ltr'><strong>Mi.</strong></span> <span class='ocrx_word' id='word_1_197' title='bbox 525 2322 762 2398; x_wconf 68' lang='lat' dir='ltr'><strong>injustus</strong></span> <span class='ocrx_word' id='word_1_198' title='bbox 791 2345 869 2401; x_wconf 85' lang='lat' dir='ltr'><strong>es,</strong></span> <span class='ocrx_word' id='word_1_199' title='bbox 912 2326 971 2382; x_wconf 85' lang='lat' dir='ltr'><em>O</em></span> <span class='ocrx_word' id='word_1_200' title='bbox 997 2325 1249 2394; x_wconf 82' lang='lat' dir='ltr'><strong>Charon,</strong></span> <span class='ocrx_word' id='word_1_201' title='bbox 1289 2324 1612 2384; x_wconf 85' lang='lat' dir='ltr'><strong>Marcidum</strong></span> <span class='ocrx_word' id='word_1_202' title='bbox 1634 2327 1755 2406; x_wconf 85' lang='lat' dir='ltr'><strong>jam</strong></span> 
     </span>
     <span class='ocr_line' id='line_1_29' title="bbox 134 2402 1757 2486; baseline 0.007 -32"><span class='ocrx_word' id='word_1_203' title='bbox 134 2416 421 2458; x_wconf 84' lang='lat' dir='ltr'><strong>mortuum</strong></span> <span class='ocrx_word' id='word_1_204' title='bbox 468 2402 863 2486; x_wconf 67' lang='lat' dir='ltr'><strong>derciinquens.</strong></span> <span class='ocrx_word' id='word_1_205' title='bbox 922 2404 1075 2464; x_wconf 72' lang='lat' dir='ltr'><strong>certe</strong></span> <span class='ocrx_word' id='word_1_206' title='bbox 1109 2406 1433 2467; x_wconf 84' lang='lat' dir='ltr'><strong>accusavero</strong></span> <span class='ocrx_word' id='word_1_207' title='bbox 1465 2423 1518 2465; x_wconf 89' lang='lat' dir='ltr'><strong>te</strong></span> <span class='ocrx_word' id='word_1_208' title='bbox 1560 2423 1757 2466; x_wconf 86' lang='lat' dir='ltr'><strong>contra</strong></span> 
     </span>
     <span class='ocr_line' id='line_1_30' title="bbox 133 2479 1746 2559; baseline 0.006 -24"><span class='ocrx_word' id='word_1_209' title='bbox 133 2479 282 2559; x_wconf 71' lang='lat' dir='ltr'><strong>leges</strong></span> <span class='ocrx_word' id='word_1_210' title='bbox 331 2500 587 2559; x_wconf 81' lang='lat' dir='ltr'><strong>agentem</strong></span> <span class='ocrx_word' id='word_1_211' title='bbox 631 2506 818 2547; x_wconf 86' lang='lat' dir='ltr'><strong>coram</strong></span> <span class='ocrx_word' id='word_1_212' title='bbox 863 2487 1321 2548; x_wconf 80' lang='lat' dir='ltr'><strong>Rhadamantho,</strong></span> <span class='ocrx_word' id='word_1_213' title='bbox 1421 2488 1558 2546; x_wconf 87' lang='lat' dir='ltr'><strong>Heu</strong></span> <span class='ocrx_word' id='word_1_214' title='bbox 1602 2509 1692 2547; x_wconf 86' lang='lat' dir='ltr'><strong>me</strong></span> <span class='ocrx_word' id='word_1_215' title='bbox 1732 2488 1746 2545; x_wconf 87' lang='lat'>!</span> 
     </span>
     <span class='ocr_line' id='line_1_31' title="bbox 134 2564 1754 2657; baseline 0.006 -38"><span class='ocrx_word' id='word_1_216' title='bbox 134 2580 273 2657; x_wconf 65' lang='lat' dir='ltr'><strong>quot</strong></span> <span class='ocrx_word' id='word_1_217' title='bbox 298 2564 435 2621; x_wconf 86' lang='lat' dir='ltr'><strong>mala</strong></span> <span class='ocrx_word' id='word_1_218' title='bbox 461 2566 475 2624; x_wconf 73' lang='lat'><em>2</em></span> <span class='ocrx_word' id='word_1_219' title='bbox 512 2570 629 2645; x_wconf 79' lang='lat' dir='ltr'><strong>jam</strong></span> <span class='ocrx_word' id='word_1_220' title='bbox 653 2571 937 2649; x_wconf 85' lang='lat' dir='ltr'><strong>navigant,</strong></span> <span class='ocrx_word' id='word_1_221' title='bbox 972 2569 1031 2629; x_wconf 67' lang='grc' dir='ltr'>δί</span> <span class='ocrx_word' id='word_1_222' title='bbox 1052 2589 1162 2648; x_wconf 84' lang='lat' dir='ltr'><strong>ego</strong></span> <span class='ocrx_word' id='word_1_223' title='bbox 1181 2568 1322 2630; x_wconf 84' lang='lat' dir='ltr'><strong>solus</strong></span> <span class='ocrx_word' id='word_1_224' title='bbox 1343 2570 1438 2628; x_wconf 90' lang='lat' dir='ltr'><strong>hic</strong></span> <span class='ocrx_word' id='word_1_225' title='bbox 1464 2570 1754 2650; x_wconf 86' lang='lat' dir='ltr'><strong>relinquar.</strong></span> 
     </span>
     <span class='ocr_line' id='line_1_32' title="bbox 133 2645 1757 2732; baseline 0.007 -35"><span class='ocrx_word' id='word_1_226' title='bbox 133 2645 256 2732; x_wconf 52' lang='lat' dir='ltr'><strong>bur</strong></span> <span class='ocrx_word' id='word_1_227' title='bbox 288 2664 399 2700; x_wconf 86' lang='lat' dir='ltr'><strong>non</strong></span> <span class='ocrx_word' id='word_1_228' title='bbox 428 2666 590 2705; x_wconf 78' lang='lat' dir='ltr'><strong>enato</strong></span> <span class='ocrx_word' id='word_1_229' title='bbox 624 2649 687 2707; x_wconf 89' lang='lat' dir='ltr'><strong>ad</strong></span> <span class='ocrx_word' id='word_1_230' title='bbox 724 2671 815 2708; x_wconf 88' lang='lat' dir='ltr'><strong>eos</strong></span> <span class='ocrx_word' id='word_1_231' title='bbox 845 2650 867 2708; x_wconf 89' lang='lat'>?</span> <span class='ocrx_word' id='word_1_232' title='bbox 913 2652 1125 2731; x_wconf 89' lang='lat' dir='ltr'><strong>Neque</strong></span> <span class='ocrx_word' id='word_1_233' title='bbox 1157 2652 1307 2711; x_wconf 85' lang='lat' dir='ltr'><strong>enim</strong></span> <span class='ocrx_word' id='word_1_234' title='bbox 1345 2653 1519 2710; x_wconf 86' lang='lat' dir='ltr'><strong>timeo</strong></span> <span class='ocrx_word' id='word_1_235' title='bbox 1564 2672 1632 2710; x_wconf 89' lang='lat' dir='ltr'><strong>ne</strong></span> <span class='ocrx_word' id='word_1_236' title='bbox 1660 2651 1757 2710; x_wconf 91' lang='lat' dir='ltr'><strong>de-</strong></span> 
     </span>
     <span class='ocr_line' id='line_1_33' title="bbox 135 2722 1758 2814; baseline 0.01 -37"><span class='ocrx_word' id='word_1_237' title='bbox 135 2722 390 2800; x_wconf 69' lang='lat' dir='ltr'><strong>fatigatus</strong></span> <span class='ocrx_word' id='word_1_238' title='bbox 431 2725 688 2805; x_wconf 80' lang='lat' dir='ltr'><strong>suffocer,</strong></span> <span class='ocrx_word' id='word_1_239' title='bbox 741 2753 853 2790; x_wconf 78' lang='lat' dir='ltr'><strong>cum</strong></span> <span class='ocrx_word' id='word_1_240' title='bbox 879 2734 996 2814; x_wconf 88' lang='lat' dir='ltr'><strong>jam</strong></span> <span class='ocrx_word' id='word_1_241' title='bbox 1029 2737 1137 2810; x_wconf 80' lang='lat' dir='ltr'><strong>stm</strong></span> <span class='ocrx_word' id='word_1_242' title='bbox 1168 2750 1442 2808; x_wconf 78' lang='lat' dir='ltr'><strong>mortuu8,</strong></span> <span class='ocrx_word' id='word_1_243' title='bbox 1489 2748 1758 2812; x_wconf 77' lang='lat' dir='ltr'><strong>praeterea</strong></span> 
     </span>
     <span class='ocr_line' id='line_1_34' title="bbox 135 2806 1750 2898; baseline 0.005 -33"><span class='ocrx_word' id='word_1_244' title='bbox 135 2820 309 2898; x_wconf 40' lang='lat' dir='ltr'><strong>deque</strong></span> <span class='ocrx_word' id='word_1_245' title='bbox 376 2806 607 2896; x_wconf 81' lang='lat' dir='ltr'><strong>obolum</strong></span> <span class='ocrx_word' id='word_1_246' title='bbox 671 2812 871 2871; x_wconf 84' lang='lat' dir='ltr'><strong>habens</strong></span> <span class='ocrx_word' id='word_1_247' title='bbox 944 2815 1008 2874; x_wconf 91' lang='lat' dir='ltr'><strong>ad</strong></span> <span class='ocrx_word' id='word_1_248' title='bbox 1072 2814 1334 2874; x_wconf 68' lang='lat' dir='ltr'><strong>Nauium</strong></span> <span class='ocrx_word' id='word_1_249' title='bbox 1406 2814 1750 2873; x_wconf 85' lang='lat' dir='ltr'><strong>solvendum.</strong></span> 
     </span>
     <span class='ocr_line' id='line_1_35' title="bbox 135 2883 1755 2976; baseline -0.005 -15"><span class='ocrx_word' id='word_1_250' title='bbox 135 2884 244 2939; x_wconf 59' lang='lat' dir='ltr'><strong>UO·</strong></span> <span class='ocrx_word' id='word_1_251' title='bbox 290 2883 443 2960; x_wconf 78' lang='lat' dir='ltr'><strong>Qud</strong></span> <span class='ocrx_word' id='word_1_252' title='bbox 476 2891 585 2949; x_wconf 89' lang='lat' dir='ltr'><strong>hoc</strong></span> <span class='ocrx_word' id='word_1_253' title='bbox 616 2891 638 2948; x_wconf 87' lang='lat'>?</span> <span class='ocrx_word' id='word_1_254' title='bbox 683 2894 976 2973; x_wconf 63' lang='lat' dir='ltr'><strong>Exspecta,</strong></span> <span class='ocrx_word' id='word_1_255' title='bbox 1001 2897 1062 2955; x_wconf 91' lang='lat' dir='ltr'>O</span> <span class='ocrx_word' id='word_1_256' title='bbox 1088 2896 1329 2976; x_wconf 78' lang='lat' dir='ltr'><strong>Micylle</strong></span> <span class='ocrx_word' id='word_1_257' title='bbox 1357 2917 1372 2954; x_wconf 71' lang='grc' dir='ltr'><em>τ</em></span> <span class='ocrx_word' id='word_1_258' title='bbox 1418 2895 1565 2954; x_wconf 87' lang='lat' dir='ltr'><strong>nefas</strong></span> <span class='ocrx_word' id='word_1_259' title='bbox 1594 2895 1669 2954; x_wconf 91' lang='lat' dir='ltr'><strong>fic</strong></span> <span class='ocrx_word' id='word_1_260' title='bbox 1697 2911 1755 2953; x_wconf 83' lang='lat' dir='ltr'><strong>te</strong></span> 
     </span>
     <span class='ocr_line' id='line_1_36' title="bbox 130 2962 1793 3060; baseline 0.005 -38"><span class='ocrx_word' id='word_1_261' title='bbox 130 2962 370 3025; x_wconf 79' lang='lat' dir='ltr'><strong>transire.</strong></span> <span class='ocrx_word' id='word_1_262' title='bbox 425 2973 534 3031; x_wconf 62' lang='lat' dir='ltr'><strong>Mi.</strong></span> <span class='ocrx_word' id='word_1_263' title='bbox 583 2972 755 3035; x_wconf 69' lang='lat' dir='ltr'><strong>Forte</strong></span> <span class='ocrx_word' id='word_1_264' title='bbox 779 2975 936 3039; x_wconf 82' lang='lat' dir='ltr'><strong>vobis</strong></span> <span class='ocrx_word' id='word_1_265' title='bbox 963 2979 1119 3058; x_wconf 86' lang='lat' dir='ltr'><strong>prior</strong></span> <span class='ocrx_word' id='word_1_266' title='bbox 1142 2978 1439 3060; x_wconf 86' lang='lat' dir='ltr'><strong>appellam.</strong></span> <span class='ocrx_word' id='word_1_267' title='bbox 1488 2980 1599 3037; x_wconf 87' lang='lat' dir='ltr'><em>Clo.</em></span> <span class='ocrx_word' id='word_1_268' title='bbox 1630 2976 1753 3034; x_wconf 88' lang='lat' dir='ltr'><strong>Mi·</strong></span> <span class='ocrx_word' id='word_1_269' title='bbox 1791 3035 1793 3041; x_wconf 12' lang='grc' dir='ltr'><em>Α</em></span> 
     </span>
    </p>

    <p class='ocr_par' dir='ltr' id='par_1_4' title="bbox 1548 3077 1746 3120">
     <span class='ocr_line' id='line_1_37' title="bbox 1548 3077 1746 3120; baseline -0.015 0"><span class='ocrx_word' id='word_1_270' title='bbox 1548 3077 1701 3120; x_wconf 60' lang='lat' dir='ltr'><strong>nime</strong></span> <span class='ocrx_word' id='word_1_271' title='bbox 1729 3077 1746 3117; x_wconf 91' lang='lat'><strong>:</strong></span> 
     </span>
    </p>
   </div>
  </div>
 </body>
</html>
