1830 3234
452 38 750 123 Doridis
807 65 889 114 ac
945 28 1276 111 Galam,
1516 51 1552 98 1
1571 50 1609 123 3
1627 50 1662 99 1

6 180 9 190 '
45 190 176 248 riret
209 186 266 241 in
295 197 349 241 te
377 202 390 238 :
437 177 543 239 Sed
574 175 610 234 ὃ
641 170 817 231 sancta
845 168 1038 227 Venus
1068 163 1079 221 Ξ
1129 158 1338 218 afinum
1366 153 1557 214 rudere
1580 155 1665 212 di-

49 265 249 326 xiffes:
305 282 430 320 nam
473 260 644 337 Lyrae
684 269 884 329 corpus
923 244 1264 305 simillimum
1295 252 1408 296 erat
1437 235 1666 294 cervino

51 349 219 425 capiti
249 342 446 402 offibus
479 335 742 398 renudato
773 353 784 389 :
846 346 967 388 tum
1010 343 1216 383 cornua
1258 315 1481 400 perinde
1518 311 1673 391 quast

53 428 229 486 cubiti
270 419 654 503 prominebant
686 436 697 471 :
745 415 806 469 iis
836 407 1041 492 junctis
1072 399 1412 479 indoctisque
1449 394 1677 467 fidibus,

56 527 185 588 quas
234 525 300 561 ne
347 503 568 577 collope
616 494 838 575 quidem
883 481 1415 563 circumtorquebat‚
1468 473 1677 555 agreste

58 586 316 668 quiddam
347 584 408 642 &
434 579 694 639 absonum
728 569 1061 641 cantiiiabat,
1104 585 1275 645 quum
1305 557 1508 639 aliquid
1536 570 1677 613 mte-

60 673 163 728 rim
197 664 305 746 ipse
341 683 483 723 voce
521 672 764 723 caneret,
805 649 949 711 aliud
975 649 1090 728 lyra
1117 646 1418 703 succineret
1454 660 1467 696 ε
1513 639 1588 695 ita
1614 652 1682 693 ut

64 767 366 827 temperare
395 742 552 802 nobis
583 736 1008 818 nequiverimuS,
1051 729 1186 805 quin
1214 724 1508 783 rideremus
1534 736 1683 774 ama-

67 832 263 889 toriarn
289 828 434 885 illam
456 823 793 882 cantionem.
838 815 995 872 Nam
1021 813 1065 838 ¹¹
1090 807 1254 865 Echo
1276 822 1344 860 ne
1363 797 1686 877 respondere

67 911 248 969 voluit
277 908 354 966 illi
386 905 612 976 balanti,
655 918 828 979 quum
867 893 932 951 fit
961 886 1096 949 adeo
1126 883 1340 967 garrula
1375 902 1387 939 :
1442 875 1559 938 imo
1601 877 1688 952 ip„

71 992 177 1052 sam
210 985 505 1069 puduisset,
548 982 586 1040 fi
621 980 728 1038 visa
755 975 933 1036 fuisset
976 970 1261 1030 stridulum
1291 963 1432 1021 illius
1461 959 1522 1016 &2
1559 955 1693 1014 ridi-

75 1074 264 1132 culum
303 1085 530 1129 cantum
561 1063 780 1121 imitar'r.
879 1054 968 1115 Ad
1009 1054 1133 1111 haec
1173 1045 1417 1127 gestabat
1458 1043 1513 1097 in
1556 1036 1698 1095 ulnis

76 1152 329 1216 Amafius
358 1148 455 1208 iste
479 1137 692 1204 deficias
718 1140 850 1215 surm,
883 1135 991 1195 ursi
1018 1131 1286 1203 catulum,
1314 1125 1436 1205 pilis
1459 1121 1696 1189 hirtum,

80 1233 181 1316 ipfi
210 1253 321 1292 non
349 1228 654 1289 admodum
686 1220 994 1281 diffimilem
1034 1237 1046 1272 :
1088 1214 1208 1293 quis
1248 1224 1432 1266 autem
1467 1220 1582 1260 non
1617 1200 1704 1254 in-⁴

80 1318 262 1376 videat
300 1312 402 1371 tibi
443 1311 684 1368 amicum
730 1304 917 1375 istum,
980 1289 1263 1355 Galatea?
1330 1289 1396 1345 G.
1447 1281 1612 1357 Qin
1645 1294 1710 1336 tu

83 1401 272 1471 etiam,
298 1393 466 1464 Dori,
493 1408 650 1448 tuum
684 1382 847 1465 ipsius
868 1382 1112 1439 amicum
1136 1372 1292 1431 nobis
1314 1359 1715 1431 commonstra,

87 1482 182 1561 qui
212 1497 336 1535 meo
369 1471 436 1531 fit
465 1466 783 1534 formosior,
827 1466 1029 1544 quique
1056 1454 1272 1515 doffius
1301 1471 1362 1510 ac
1392 1444 1585 1507 melius
1619 1439 1711 1497 vel

85 1580 227 1620 voce
247 1570 427 1629 canat,
454 1552 544 1611 vel
567 1549 806 1608 cithara.
881 1545 962 1605 D.
996 1539 1144 1600 Mihi
1175 1533 1400 1615 quidem
1430 1525 1610 1585 nullus
1634 1518 1718 1578 est

90 1658 324 1713 amator,
356 1653 532 1714 neque
562 1651 651 1690 me
677 1631 787 1689 hoc
814 1616 1227 1700 nominejaEtQ
1257 1610 1406 1694 quafi
1431 1607 1530 1667 fim
1551 1602 1722 1665 vehe-

93 1740 307 1783 menter
322 1716 584 1788 amabili8‚
598 1726 957 1771 veruntamen
978 1697 1278 1761 istiusmodi
1300 1694 1565 1762 amicum,
1587 1703 1723 1764 qua-2

95 1805 160 1865 lis
177 1804 254 1861 est
269 1799 669 1877 Polyphemu8‚
694 1809 894 1868 nempe
916 1802 1066 1845 totus
1085 1786 1100 1811 ²
1115 1787 1136 1810 ²
1165 1780 1383 1838 hircum
1406 1771 1580 1844 olens5
1601 1783 1730 1823 tum

100 1885 279 1945 crudis
310 1878 567 1938 victitans
595 1873 867 1946 carnibu3‚
911 1869 971 1927 &
1003 1863 1263 1943 hospites,
1307 1856 1347 1914 fi
1378 1853 1472 1934 qui
1500 1845 1732 1927 appule-

102 1969 237 2042 rint,
263 1963 551 2033 devoram,
579 1954 682 2014 tibi
709 1953 930 2027 habeas,
946 1963 1182 2026 eumque
1202 1960 1266 2000 tu
1287 1950 1546 1998 mutuum
1567 1944 1732 1988 ames,

163 2139 204 2165 ιι
235 2123 359 2177 Echo]
401 2128 483 2163 Dea
513 2119 567 2159 est
606 2128 691 2164 quae
726 2116 894 2155 claman-
949 2123 1032 2152 rum
1056 2109 1129 2150 loci
1149 2101 1340 2146 cavernofi
1359 2109 1422 2138 aut
1442 2092 1612 2135 concavi.

108 2179 206 2221 tibus
228 2176 444 2227 respondet.
492 2171 637 2222 physici
673 2178 814 2207 vocant
838 2179 896 2206 re-
1006 2176 1054 2201 12
1078 2163 1232 2203 Hircum
1250 2152 1378 2202 elena]
1413 2149 1472 2191 Est
1501 2145 1634 2187 foecere
1653 2151 1738 2182 moe

108 2230 377 2289 percussionem
415 2226 491 2266 soni
522 2235 572 2264 ex
607 2218 758 2273 objeffm
802 2221 897 2262 late-
952 2228 992 2258 re
1018 2214 1119 2258 hirci.

887 2769 1022 2827 R2
1506 2747 1771 2812 lez-
