1830 3234
555 23 817 106 Galene
873 22 972 108 &⁹3⁹
1029 29 1326 138 Panope.
1589 62 1624 112 1
1642 62 1683 139 5
1697 60 1740 139 5

107 184 226 224 ram
252 160 585 243 personanti,
633 159 723 218 vel
746 160 910 219 mufis
938 161 1471 222 ore'modulantibus
1495 169 1743 231 animum

108 245 445 317 adhibendo)
479 243 718 322 projecit
749 243 803 297 in
834 245 1160 301 convivium
1195 266 1431 324 pomum
1461 249 1742 324 quoddam

110 327 530 405 perpulchrum,
575 339 760 380 totum
801 344 1049 399 aureum,
1097 325 1334 396 Galene,
1382 329 1472 384 cui
1513 346 1626 386 erat
1659 333 1743 388 in-

108 406 373 485 scriptum
405 405 642 481 Formosa
675 408 915 478 accipiat.
999 408 1159 463 Dum
1199 425 1384 466 autern
1423 409 1556 477 hoe,
1618 426 1740 468 tan-

109 507 275 565 quam
306 507 375 543 ex
415 482 734 565 composito
774 487 1040 560 volvitur,
1084 492 1336 565 pervenit
1366 487 1435 547 eo
1470 489 1602 565 loci,
1645 491 1743 550 ubi

98 568 279 643 Jun0‚
323 567 614 634 &Vm-us,
648 566 707 623 δε
730 566 983 625 Minerva
1012 569 1432 630 accumbebant.
1485 572 1563 629 Et
1588 574 1742 652 post-

107 668 274 727 quam
309 649 646 720 Mercui⁴ius‚
698 667 765 704 eo
805 646 1037 722 sublato,
1097 649 1353 729 inscripta
1393 654 1577 731 legit3
1640 675 1742 714 nos

106 729 330 810 quidem
363 730 633 787 Nereides
674 730 1069 803 conticuimuS,
1112 731 1243 808 quid
1284 735 1432 791 enim
1462 734 1743 812 agendum

106 827 219 868 erat
255 811 357 868 illis
387 809 742 890 praesentibus
770 808 792 865 ?
859 810 967 868 illae
999 810 1133 868 vero
1177 813 1322 869 inter
1357 814 1407 872 se
1435 816 1740 876 contende-

104 890 261 965 bant,
314 911 378 950 ac
424 890 689 971 quaelibet
723 889 884 948 suum
922 891 1057 949 illud
1091 890 1195 949 effe
1236 892 1481 968 volebat,
1543 914 1609 952 ac
1641 898 1743 957 nifi

96 973 321 1050 Jupiter
358 973 491 1053 ipsas
532 968 852 1048 diremisset,
907 973 972 1031 ad
1009 992 1198 1031 manus
1229 973 1396 1054 usque
1430 995 1511 1034 res
1553 977 1742 1055 profe·

105 1054 280 1112 ciffet.

193 1153 241 1196 z.
286 1133 509 1194 Verum
551 1135 664 1204 ille,
729 1133 840 1214 ipse
885 1133 1112 1215 quidem
1147 1133 1426 1213 judicium
1458 1137 1561 1194 hac
1589 1136 1656 1197 de
1688 1161 1746 1200 re

105 1236 221 1276 non
251 1216 442 1292 feram,
486 1219 690 1296 inquit,
735 1214 951 1275 tametfi
991 1218 1099 1274 illae
1141 1216 1319 1295 ipsum
1350 1219 1601 1298 judicare
1629 1223 1744 1279 vel·

106 1300 219 1358 lent
245 1326 264 1369 3
309 1296 396 1355 sed
423 1301 479 1355 in
509 1298 705 1357 *Idam
731 1298 795 1356 ad
832 1304 848 1332 ⁵
883 1300 1088 1356 Priami
1116 1296 1297 1356 filium
1327 1302 1496 1369 abite,
1557 1304 1652 1382 qui
1683 1303 1745 1363 &

103 1380 407 1440 discernere
434 1383 615 1454 novit,
657 1399 911 1460 quaenam
946 1377 1246 1437 formofior
1273 1378 1361 1456 fit,
1405 1398 1607 1461 utpote
1633 1384 1743 1444 ele-

101 1463 310 1542 gantiae
343 1460 603 1520 studiosus
633 1462 693 1520 Sc
724 1461 854 1540 ipse,
898 1461 956 1519 &L
999 1461 1094 1540 qui
1124 1481 1238 1518 non
1278 1459 1422 1521 male
1451 1463 1741 1544 judicave-

104 1547 197 1602 rit.
284 1543 350 1598 G.
395 1540 552 1620 Qid
601 1545 775 1622 igitur
826 1540 891 1599 ad
933 1543 1058 1600 haec
1099 1544 1243 1600 Deae
1280 1544 1415 1618 illae,
1471 1548 1748 1626 Panope?

106 1626 179 1682 P.
225 1620 420 1682 Hodie
450 1624 685 1682 arbitror
710 1626 765 1682 in
795 1623 948 1681 Idam
979 1623 1200 1686 abeunt.
1282 1627 1348 1684 G.
1388 1625 1535 1705 Qis
1564 1632 1749 1689 veniet

111 1704 280 1786 paulo
305 1703 454 1784 post,
480 1708 597 1783 qui,
627 1726 754 1786 quae
774 1707 994 1779 vicerit,
1024 1706 1182 1764 nobis
1213 1707 1535 1767 renunciet?
1580 1709 1648 1768 P.
1670 1714 1749 1770 At

99 1791 220 1869 jam
254 1807 404 1845 nunc
432 1786 651 1846 affirmo
682 1788 823 1861 sore,
867 1803 930 1843 ut
961 1787 1109 1844 nulla
1140 1789 1242 1846 alia
1269 1789 1484 1864 vincat,
1523 1796 1750 1850 venien-

109 1886 166 1928 te
196 1871 254 1927 in
280 1885 560 1927 certamen
579 1868 820 1943 Venere,
863 1867 964 1927 nifi
994 1869 1199 1928 arbiter
1229 1869 1339 1949 ipse
1367 1870 1601 1933 omnino
1633 1874 1750 1938 hal-

107 1952 404 2011 lucinetur.

159 2130 187 2167 4
213 2122 254 2156 ln
276 2114 419 2159 Idam]
456 2113 523 2153 Ida
554 2125 664 2153 mons
699 2115 753 2155 est
787 2114 903 2166 Phry·
955 2114 1152 2155 ardentem
1182 2113 1362 2164 peperisse
1395 2114 1534 2163 facem,
1575 2122 1752 2169 Augures

107 2171 179 2217 23ae
209 2167 380 2213 minoris,
415 2166 491 2205 five
519 2166 696 2214 Troadis,
737 2166 802 2207 ubi
833 2172 903 2207 Pa·
955 2166 1195 2208 affirmabant
1234 2166 1347 2215 fore,
1388 2180 1431 2208 ut
1465 2169 1581 2216 filius,
1632 2183 1751 2219 quem

106 2215 158 2264 }is
194 2220 336 2261 PrIami
370 2218 485 2268 filius,
531 2232 570 2258 at
602 2232 693 2260 tunc
723 2221 904 2272 temporis
957 2232 1064 2260 utero
1099 2219 1285 2270 gestabat,
1322 2220 1446 2260 caussa
1476 2221 1627 2262 futurus
1658 2225 1754 2263 esset

108 2279 276 2328 ignotus,
309 2270 480 2322 pascebat
513 2273 624 2323 patris
653 2284 806 2321 pecora.
844 2273 902 2312 Ibi
956 2273 1270 2323 Trojaeincendii,
1291 2274 1392 2319 quod
1412 2272 1497 2312 cum
1512 2277 1756 2326 cognovisset

107 2327 283 2369 habitum
316 2323 425 2363 fuiffe
461 2325 508 2364 de
543 2326 691 2364 Deabus
722 2325 905 2376 judicium
959 2329 1140 2369 Priamus,
1169 2337 1258 2363 eum
1280 2327 1558 2376 quamprimum
1581 2339 1661 2367 erat
1680 2343 1753 2369 na·

91 2379 274 2420 ¹affirmat
317 2377 438 2416 etiam
482 2377 663 2425 Ovidius,
704 2377 745 2417 in
780 2381 904 2417 Parid-
959 2391 1033 2424 της,
1081 2377 1277 2418 Archelao
1323 2377 1427 2416 servo
1476 2380 1752 2429 exponendum

107 2431 273 2484 Epistola
294 2429 344 2468 ad
359 2431 541 2470 Helenam·
958 2429 1131 2471 tradidit.
1183 2432 1254 2470 Sed
1282 2430 1448 2479 Hecuba,
1489 2444 1533 2470 ut
1562 2431 1642 2473 fere
1667 2445 1753 2473 mos

160 2499 182 2534 5
213 2484 350 2523 Priami
378 2482 547 2532 filium]
596 2482 620 2521 i,
641 2494 679 2521 e.
726 2481 902 2522 Paridem
957 2485 1012 2524 est
1044 2481 1238 2526 uxoribus,
1269 2485 1391 2523 Mariti
1423 2484 1547 2523 aversa
1577 2487 1755 2536 consiliis,

107 2549 188 2578 non
218 2548 268 2575 eo
302 2544 479 2584 tempore
514 2531 536 2572 Ξι
573 2537 682 2585 Rege
712 2536 903 2587 agnitum,
957 2535 1130 2584 curabat,
1158 2547 1199 2576 ut
1232 2533 1365 2576 furtim
1400 2537 1562 2578 aleretur
1587 2538 1751 2580 &Pasto-

107 2588 170 2635 sed
205 2589 302 2629 inter
335 2587 501 2627 Pastores
533 2599 725 2639 agentem.
802 2591 904 2627 Nam
957 2588 1072 2630 ribus.

108 2655 196 2685 cum
230 2651 351 2683 mater
385 2651 582 2693 praegnans
612 2635 830 2681 somnissffet
869 2641 903 2682 se

845 2856 987 2919 Vz
1494 2853 1750 2920 DIA-
