1828 3229
105 0 444 87 ’218ῑῇ
598 0 938 78 Vitarum
966 0 1253 73 Auem:
1633 0 1828 96 ἣ

109 136 347 198 Mercat.
404 132 668 213 Accipe:
722 132 856 190 heus
887 144 972 204 tu,
1023 128 1156 210 quid
1198 128 1357 203 dicis,
1413 143 1537 188 tene
1579 132 1741 191 emi?
1827 120 1828 149 ³

109 217 264 277 Phil.
299 216 586 275 Incertum
635 211 732 270 est.
834 211 1068 271 Mercat.
1136 210 1510 290 Nequaquam
1551 231 1565 268 ε
1624 217 1737 272 emi

107 298 283 373 enim,
349 295 410 354 &
451 294 743 372 pecuniam
799 293 1100 350 numeravi.
1232 292 1381 349 Phil.
1446 291 1737 366 Judicium

109 377 374 458 suspendo
402 378 511 434 hac
537 373 605 432 de
638 392 720 448 re,
761 371 823 430 ὅζ
855 392 974 430 earn
1005 371 1311 431 considero,
1362 375 1597 433 Mercat.
1630 378 1735 433 At-

109 464 206 540 qui
233 458 450 539 sequere
476 474 588 523 me,
634 469 698 511 ut
718 452 998 511 famulum
1025 453 1204 513 decet.
1288 453 1433 512 Phil.
1464 451 1610 535 Qis
1639 456 1737 514 scit

107 560 243 600 num
270 557 396 598 vera
421 533 615 594 dicas?
679 533 914 593 Mercat.
941 535 1163 609 Praec0,
1204 537 1373 605 mina,
1421 535 1481 594 &
1519 534 1613 615 qui
1642 538 1735 594 ad-

105 623 346 680 fuerunt.
429 616 582 674 Phil.
634 615 728 674 An
773 616 941 695 aliqui
993 618 1161 673 etiam
1218 615 1506 674 nobiscum
1556 616 1737 675 sunt?

105 702 343 759 Mercat.
389 698 471 756 At
499 715 607 775 ego
635 712 690 755 te
735 699 855 777 jam
884 695 1203 775 conjefflmm
1234 698 1289 753 in
1318 697 1609 775 pistrinum
1638 698 1732 756 ad-

103 783 329 855 ducam,
369 795 436 837 ut
479 776 661 836 credas
705 799 796 836 me
835 793 995 836 tuum
1037 777 1139 835 effe
1169 779 1386 854 herum,
1429 776 1730 838 secundum

103 865 355 944 pejorem
413 857 670 919 caussam.
754 858 903 918 Phil.
964 859 1096 917 Hac
1147 858 1214 916 de
1263 879 1321 917 re
1378 857 1732 918 assensionem

101 947 270 1003 etiam
298 944 527 1003 retineo,
596 939 832 1000 Mercat.
858 940 966 1000 Sed
997 960 1094 1017 per
1118 940 1324 1015 Jovern
1351 941 1466 1019 jam
1499 940 1729 998 ostendi.

103 1024 280 1084 Merc.
325 1023 426 1081 Tu
476 1019 700 1103 quidem
749 1021 932 1080 define
974 1022 1178 1096 obniti,
1233 1021 1473 1096 &cutm
1532 1027 1627 1103 qui
1676 1038 1732 1079 te

100 1108 264 1181 emit,
303 1103 537 1184 sequere.
621 1102 744 1162 Vos
771 1120 954 1162 autem
987 1122 1101 1160 cras
1131 1103 1522 1161 advocabimus
1551 1129 1571 1172 3
1616 1121 1729 1164 ete-

100 1186 217 1245 nim
257 1186 472 1262 idiotas,
507 1185 567 1245 &
595 1184 831 1253 fabrile5‚
879 1183 1116 1263 vilesque
1161 1185 1295 1243 vitas
1338 1184 1728 1263 proclamaturi

96 1267 296 1327 sumus,

1386 2702 1714 2779 DIAa
