1830 3234
664 72 1017 191 [167]

316 310 1025 398 DIALOG.
1120 300 1319 376 XIX.

11 501 450 563 LUCIANI
515 486 1012 551 SoMNnJM,
1059 463 1208 555 five
1246 463 1645 524 GALLUS.

191 627 334 698 Des.
402 624 674 690 Erasmo
709 616 1016 685 Roterod.
1090 606 1135 674 Ι
1132 618 1467 696 nterprete‚

202 776 414 839 Gallus
461 773 524 836 δε
561 766 859 848 Micyllus
920 753 1470 846 Interloquntores.

29 982 80 1024 1.
127 956 316 1029 Micyl.
375 948 585 1098 AT
633 961 712 1017 te,
752 937 1111 999 scelestiffime
1153 930 1339 1004 Galle,
1380 922 1516 985 cum
1554 923 1660 983 ista

355 1105 357 1107 ι
561 1027 717 1087 tanta
739 1021 1333 1093 invidentia‚voceque
1358 1026 1471 1067 tam
1494 1005 1662 1065 acuta.

27 1122 138 1206 ipse
165 1118 356 1204 perdat
393 1116 639 1193 Jupiter,
680 1109 775 1186 qui
816 1102 1038 1183 quidem
1092 1097 1292 1176 opibus
1339 1089 1663 1148 affluentem

29 1226 141 1281 me,
170 1225 234 1264 ac
263 1196 574 1259 dulciffimo
605 1192 659 1248 in
682 1189 896 1246 somnio
919 1180 1242 1251 versantem,
1270 1168 1664 1248 &admirabili

31 1289 297 1347 felicitate
325 1281 621 1347 fruentem,
664 1265 998 1349 penetrabile
1030 1258 1315 1340 quiddam,
1362 1253 1422 1311 &
1451 1251 1663 1310 clamo-

31 1367 150 1427 sum
183 1365 432 1427 resonans
460 1350 896 1435 expergefeceris
930 1373 949 1416 5
995 1343 1131 1403 adeo
1157 1356 1221 1397 ut
1247 1357 1315 1395 ne
1344 1330 1515 1392 noEtu
1542 1330 1666 1411 qui-

35 1452 166 1510 dem
195 1445 441 1526 effugere
467 1441 630 1498 liceat
652 1444 1030 1512 paupertatem
1055 1423 1138 1481 vel
1163 1417 1336 1499 teipso
1365 1411 1537 1492 longe
1567 1433 1668 1470 no-

38 1533 344 1592 centiorem
372 1552 391 1596 3
424 1520 576 1601 atqui
606 1515 647 1573 fi
676 1508 1101 1590 conje&andum
1124 1502 1202 1561 est
1223 1518 1343 1558 tum
1374 1496 1406 1555 ἐ
1434 1493 1673 1568 filentiO,

43 1612 195 1696 quod
239 1605 544 1667 etiamdum
588 1601 779 1676 ingens
818 1590 895 1649 est
938 1607 1060 1647 tum
1106 1585 1137 1644 ἐ
1188 1585 1392 1661 rigore,
1437 1578 1672 1655 frigore-

41 1718 176 1781 que,
216 1690 366 1772 quod
396 1681 646 1745 nondum
681 1696 792 1747 me,
832 1665 1300 1752 quemadmodum
1329 1657 1537 1729 affolet,
1579 1675 1673 1714 an-

44 1781 302 1841 telucano
333 1765 592 1829 morsicat
621 1753 926 1835 titillatque
970 1757 1117 1827 (nam
1151 1747 1242 1804 hic
1285 1743 1422 1801 mihi
1453 1735 1678 1798 certiffi-

50 1881 173 1923 mus
217 1870 471 1936 gnomon
509 1839 849 1904 adventantis
886 1833 1019 1905 diei>
1063 1849 1130 1887 ne
1167 1824 1412 1886 medium
1453 1819 1680 1901 quidem

51 1944 232 2003 adhuc
273 1932 450 1993 noetis
504 1926 607 2000 est,
663 1921 751 1980 sed
805 1917 901 1975 iste
942 1908 1202 1995 pervigil,
1269 1904 1494 1985 perinde
1532 1896 1685 1979 quafi

57 2042 74 2066 1
110 2021 280 2081 vellus
311 2013 445 2074 illud
477 2026 699 2070 aureum
730 2000 926 2074 servet,
965 1995 1033 2053 ab
1068 1992 1184 2071 ipsa
1213 1982 1470 2068 protinus
1500 1979 1687 2060 vespe-

55 2109 116 2165 ra
145 2097 469 2160 ²vociferari
509 2088 716 2167 coepit,
757 2098 952 2140 verum
983 2073 1405 2152 haudquaquam
1438 2057 1689 2144 impune,

57 2184 325 2268 siquidem
356 2195 490 2236 mox
515 2188 709 2252 poenas
731 2165 798 2223 de
821 2180 877 2221 te
896 2161 1129 2229 sumam,
1170 2147 1427 2229 fusteque
1449 2145 1691 2204 commi·

58 2289 249 2340 uuam,
294 2261 334 2320 fi
364 2256 625 2317 diluxerit
656 2245 856 2320 modo,
897 2261 1023 2301 nam
1049 2255 1197 2295 nunc
1225 2231 1517 2310 negotium
1550 2223 1692 2282 mihi

61 2354 265 2411 faceres
314 2340 589 2402 subfiliens
617 2337 674 2392 in
723 2327 978 2387 tenebris.
1067 2321 1191 2377 Gal.
1239 2315 1392 2372 Here
1431 2305 1693 2386 Micylle,

61 2431 318 2514 equidem
348 2417 643 2483 arbitrabar
671 2432 760 2473 me
786 2408 892 2468 tibi
925 2418 1145 2486 gratum
1181 2395 1284 2456 effe
1313 2392 1608 2464 faeturum,
1655 2384 1699 2444 fi

123 2623 138 2647 1
169 2604 287 2647 Venus
322 2601 412 2642 illud
443 2591 632 2643 aureum]
669 2592 772 2631 Nota
804 2585 859 2626 est
912 2581 961 2621 cit
984 2575 1105 2626 Iason.
1158 2572 1253 2613 Vide
1286 2567 1439 2611 Diodor·
1467 2563 1580 2605 Sicul.
1614 2557 1705 2600 nib-¹

67 2660 200 2703 fabula
244 2657 292 2696 de
327 2668 434 2695 aureo
476 2649 603 2686 vellere
638 2644 660 2684 a
694 2642 860 2690 phryxo,
912 2630 1069 2673 liothec.
1094 2627 1230 2668 Histor.
1258 2624 1325 2665 lib.
1346 2630 1383 2668 4'-
1413 2619 1530 2658 ovid.
1551 2624 1706 2655 Metam.

68 2716 264 2767 postquam
297 2709 402 2752 aries,
439 2700 543 2748 cujus
571 2710 665 2744 erat,
700 2697 740 2734 in
768 2693 860 2731 Col·
914 2686 980 2727 lib·
996 2685 1039 2721 6.
1056 2681 1137 2721 fab.
1155 2680 1224 2718 ult.
1244 2673 1479 2726 Apollodor.
1497 2672 1564 2710 lib·
1588 2682 1621 2709 1.

69 2766 182 2808 chida
211 2775 303 2802 eum
345 2754 547 2808 portasset,
589 2749 666 2790 ilici
700 2748 740 2787 in
774 2746 861 2784 luco
970 2751 992 2775 2
1021 2737 1129 2789 Coepit
1147 2723 1375 2779 vociferat-L]
1405 2725 1525 2764 Graec.
1546 2729 1713 2760 tantum·

73 2817 208 2860 Martis
237 2811 414 2865 appenso,
458 2810 500 2849 &
534 2806 555 2844 ὲ
589 2798 867 2855 vigilantiffimo
918 2794 1119 2839 nz'nfflyem
1148 2785 1363 2832 vociferatus
1382 2779 1448 2829 efl3
1476 2785 1601 2813 mutat
1628 2781 1717 2819 per-

26 2892 39 2895 ··
75 2874 241 2913 dracone
277 2866 439 2911 servato,
487 2869 617 2906 quem,
661 2863 868 2903 antequam
921 2846 1066 2889 sonam.
1086 2838 1190 2893 quasi
1210 2834 1260 2876 ad
1287 2832 1402 2873 alium
1432 2827 1555 2869 versus
1577 2832 1720 2878 quere·

77 2925 201 2968 vellus·
223 2919 319 2962 illud
348 2917 515 2968 abripere
540 2909 686 2964 potuit,
714 2901 870 2960 {mede-
921 2900 1045 2940 batur,

1550 3018 1747 3111 quoad
